"market","ticker","date","time","trade_price","number_of_trades","trade_money","trade_volume","direction","buy1_price","buy2_price","buy3_price","buy4_price","buy5_price","sell1_price","sell2_price","sell3_price","sell4_price","sell5_price","buy1_quantity","buy2_quantity","buy3_quantity","buy4_quantity","buy5_quantity","sell1_quantity","sell2_quantity","sell3_quantity","sell4_quantity","sell5_quantity"
"sz",1,20141014,92500,10.09,76,1736489,1721,"B",10.08,10.07,10.06,10.05,10.04,10.09,10.1,10.11,10.12,10.13,681,562,879,1519,1286,759,1543,977,806,1005
"sz",1,20141014,93000,10.09,2,73657,73,"B",10.08,10.07,10.06,10.05,10.04,10.09,10.1,10.11,10.12,10.13,681,562,889,1520,1326,711,1543,1027,926,1018
"sz",1,20141014,93002,10.08,56,1486984,1475,"S",10.07,10.06,10.05,10.04,10.03,10.08,10.09,10.1,10.11,10.12,642,2140,2238,3230,901,1213,1021,1704,808,1248
"sz",1,20141014,93006,10.08,1,4032,4,"B",10.07,10.06,10.05,10.04,10.03,10.08,10.09,10.1,10.11,10.12,642,2140,2238,3250,891,1214,1021,1704,808,1248
"sz",1,20141014,93012,10.07,1,3021,3,"S",10.07,10.06,10.05,10.04,10.03,10.08,10.09,10.1,10.11,10.12,639,2140,2338,3250,891,1320,1021,1704,808,1348
"sz",1,20141014,93017,10.08,2,46337,46,"B",10.07,10.06,10.05,10.04,10.03,10.08,10.09,10.1,10.11,10.12,608,2127,2338,3250,891,1305,1021,1673,808,1348
"sz",1,20141014,93027,10.08,11,365670,363,"B",10.07,10.06,10.05,10.04,10.03,10.08,10.09,10.1,10.11,10.12,389,2127,2338,3250,911,1224,1021,1673,808,1348
"sz",1,20141014,93030,10.07,3,138966,138,"S",10.07,10.06,10.05,10.04,10.03,10.08,10.09,10.1,10.11,10.12,324,2127,2338,3250,925,1224,1021,1673,858,1348
"sz",1,20141014,93033,10.08,2,13104,13,"B",10.07,10.06,10.05,10.04,10.03,10.08,10.09,10.1,10.11,10.12,424,2127,2338,3250,925,1231,1021,1673,858,1348
"sz",1,20141014,93039,10.08,1,2016,2,"B",10.07,10.06,10.05,10.04,10.03,10.08,10.09,10.1,10.11,10.12,959,2127,2343,3262,925,1229,1021,1723,868,1398
"sz",1,20141014,93042,10.07,3,20140,20,"S",10.07,10.06,10.05,10.04,10.03,10.08,10.09,10.1,10.11,10.12,1454,2137,2348,3262,925,1346,1021,1723,868,1398
"sz",1,20141014,93044,10.07,6,57418,57,"S",10.07,10.06,10.05,10.04,10.03,10.08,10.09,10.1,10.11,10.12,1416,2137,2348,3262,925,1327,1021,1723,868,1398
"sz",1,20141014,93048,10.08,1,12096,12,"B",10.07,10.06,10.05,10.04,10.03,10.08,10.09,10.1,10.11,10.12,1434,2134,2408,3262,925,1315,1021,1723,868,1398
"sz",1,20141014,93051,10.08,3,7051,7,"B",10.07,10.06,10.05,10.04,10.03,10.08,10.09,10.1,10.11,10.12,1429,2134,2408,3262,928,1313,1021,1723,1006,1404
"sz",1,20141014,93054,10.07,3,80560,80,"S",10.07,10.06,10.05,10.04,10.03,10.08,10.09,10.1,10.11,10.12,1349,2134,2408,3272,928,1313,1021,1723,1006,1404
"sz",1,20141014,93058,10.07,3,95665,95,"S",10.07,10.06,10.05,10.04,10.03,10.08,10.09,10.1,10.11,10.12,1254,2134,2388,3272,938,1206,991,1623,1006,1404
"sz",1,20141014,93103,10.08,2,57456,57,"B",10.07,10.06,10.05,10.04,10.03,10.08,10.09,10.1,10.11,10.12,1259,2134,2398,3307,938,1149,991,1623,1006,1404
"sz",1,20141014,93106,10.08,5,206640,205,"B",10.07,10.06,10.05,10.04,10.03,10.08,10.09,10.1,10.11,10.12,1264,2144,2403,3307,938,944,991,1623,1006,1404
"sz",1,20141014,93109,10.08,1,10080,10,"B",10.07,10.06,10.05,10.04,10.03,10.08,10.09,10.1,10.11,10.12,1264,2144,2403,3307,938,934,991,1623,1006,1404
"sz",1,20141014,93112,10.07,4,83661,83,"S",10.07,10.06,10.05,10.04,10.03,10.08,10.09,10.1,10.11,10.12,1273,2144,2403,3307,938,854,991,1946,1006,1404
"sz",1,20141014,93115,10.08,3,101808,101,"B",10.07,10.06,10.05,10.04,10.03,10.08,10.09,10.1,10.11,10.12,1323,2144,2403,3307,938,753,1186,1946,1006,1404
"sz",1,20141014,93118,10.08,1,1008,1,"B",10.07,10.06,10.05,10.04,10.03,10.08,10.09,10.1,10.11,10.12,1323,2144,2403,3317,938,732,1215,1946,1006,1404
"sz",1,20141014,93121,10.08,8,186476,185,"B",10.07,10.06,10.05,10.04,10.03,10.08,10.09,10.1,10.11,10.12,1493,2144,2403,3317,938,551,1187,1946,1006,1404
"sz",1,20141014,93124,10.07,5,49574,49,"S",10.07,10.06,10.05,10.04,10.03,10.08,10.09,10.1,10.11,10.12,1573,2144,2403,3321,938,521,992,1946,1006,1404
"sz",1,20141014,93126,10.08,3,48374,48,"B",10.07,10.06,10.05,10.04,10.03,10.08,10.09,10.1,10.11,10.12,1563,2144,2405,3321,948,483,992,1946,1006,1404
"sz",1,20141014,93130,10.08,3,68939,69,"B",10.07,10.06,10.05,10.04,10.03,10.08,10.09,10.1,10.11,10.12,1565,2144,2447,3321,948,423,992,1946,1006,1404
"sz",1,20141014,93135,10.07,1,40280,40,"S",10.07,10.06,10.05,10.04,10.03,10.08,10.09,10.1,10.11,10.12,1525,2144,2449,3319,998,423,992,1956,1006,1404
"sz",1,20141014,93139,10.08,1,2016,2,"B",10.07,10.06,10.05,10.04,10.03,10.08,10.09,10.1,10.11,10.12,1545,2144,2449,3324,1000,421,992,1956,1006,1404
"sz",1,20141014,93141,10.07,3,42306,42,"S",10.07,10.06,10.05,10.04,10.03,10.08,10.09,10.1,10.11,10.12,1421,2144,2739,3324,1000,409,992,1956,1006,1404
"sz",1,20141014,93148,10.08,1,1008,1,"B",10.07,10.06,10.05,10.04,10.03,10.08,10.09,10.1,10.11,10.12,1508,2238,2739,3324,1000,436,992,1981,1006,1404
"sz",1,20141014,93151,10.08,1,16128,16,"B",10.07,10.06,10.05,10.04,10.03,10.08,10.09,10.1,10.11,10.12,1508,2238,2749,3324,1000,420,992,1991,1006,1404
"sz",1,20141014,93154,10.07,6,245942,244,"S",10.07,10.06,10.05,10.04,10.03,10.08,10.09,10.1,10.11,10.12,1498,2238,2749,3324,1000,186,992,1991,1006,1404
"sz",1,20141014,93157,10.08,12,339344,336,"B",10.08,10.07,10.06,10.05,10.04,10.09,10.1,10.11,10.12,10.13,27,1349,2253,2767,3324,992,1991,868,1404,1775
"sz",1,20141014,93202,10.08,2,29232,29,"S",10.08,10.07,10.06,10.05,10.04,10.09,10.1,10.11,10.12,10.13,228,1354,2273,2772,3329,963,1991,1038,1404,1775
"sz",1,20141014,93205,10.08,4,70560,70,"S",10.08,10.07,10.06,10.05,10.04,10.09,10.1,10.11,10.12,10.13,599,1354,2723,2772,3332,963,1991,1038,1404,1775
"sz",1,20141014,93212,10.09,1,2018,2,"B",10.08,10.07,10.06,10.05,10.04,10.09,10.1,10.11,10.12,10.13,741,1364,2723,2822,3332,961,1991,1048,1404,1777
"sz",1,20141014,93221,10.08,2,54432,54,"S",10.08,10.07,10.06,10.05,10.04,10.09,10.1,10.11,10.12,10.13,746,1379,2728,2872,3337,1310,2057,1108,1404,1777
"sz",1,20141014,93223,10.08,14,800597,795,"S",10.07,10.06,10.05,10.04,10.03,10.08,10.09,10.1,10.11,10.12,1479,2728,2872,3337,2015,259,1267,2057,1108,1404
"sz",1,20141014,93227,10.08,1,5040,5,"B",10.07,10.06,10.05,10.04,10.03,10.08,10.09,10.1,10.11,10.12,1479,2728,2918,3340,2015,274,1267,2147,938,1404
"sz",1,20141014,93230,10.08,2,25200,25,"B",10.07,10.06,10.05,10.04,10.03,10.08,10.09,10.1,10.11,10.12,1479,2728,2918,3340,2015,335,1267,2152,938,1404
"sz",1,20141014,93239,10.08,2,21168,21,"B",10.07,10.06,10.05,10.04,10.03,10.08,10.09,10.1,10.11,10.12,1579,2718,2923,3382,2019,352,1296,2152,938,1411
"sz",1,20141014,93242,10.07,4,131922,131,"S",10.07,10.06,10.05,10.04,10.03,10.08,10.09,10.1,10.11,10.12,1550,2723,2923,3382,2019,347,1286,2152,938,1411
"sz",1,20141014,93256,10.07,2,101938,101,"S",10.07,10.06,10.05,10.04,10.03,10.08,10.09,10.1,10.11,10.12,1497,2741,2943,3382,2059,376,1287,2105,1218,1411
"sz",1,20141014,93300,10.08,2,93744,93,"B",10.07,10.06,10.05,10.04,10.03,10.08,10.09,10.1,10.11,10.12,1497,2744,2943,3382,2045,1321,1123,2105,1218,1411
"sz",1,20141014,93301,10.08,4,50395,50,"B",10.07,10.06,10.05,10.04,10.03,10.08,10.09,10.1,10.11,10.12,1507,2744,2943,3382,2045,1326,1123,2105,1038,1411
"sz",1,20141014,93309,10.07,3,35255,35,"S",10.07,10.06,10.05,10.04,10.03,10.08,10.09,10.1,10.11,10.12,1600,2754,2943,3412,2041,1316,1123,2105,1038,1411
"sz",1,20141014,93312,10.08,5,160262,159,"B",10.07,10.06,10.05,10.04,10.03,10.08,10.09,10.1,10.11,10.12,1606,2764,2943,3412,2053,1177,1108,2105,1038,1411
"sz",1,20141014,93314,10.08,1,10080,10,"B",10.07,10.06,10.05,10.04,10.03,10.08,10.09,10.1,10.11,10.12,1612,2764,2953,3412,2053,1167,1108,2105,1038,1411
"sz",1,20141014,93321,10.07,1,11077,11,"S",10.07,10.06,10.05,10.04,10.03,10.08,10.09,10.1,10.11,10.12,1642,2784,2953,3412,2053,1196,1254,2105,1038,1411
"sz",1,20141014,93324,10.07,1,2014,2,"S",10.07,10.06,10.05,10.04,10.03,10.08,10.09,10.1,10.11,10.12,1640,2834,2953,3412,2053,1199,1254,2105,1038,1411
"sz",1,20141014,93333,10.08,2,3024,3,"B",10.07,10.06,10.05,10.04,10.03,10.08,10.09,10.1,10.11,10.12,1688,3109,2993,3418,2253,1199,1254,2105,1038,1411
"sz",1,20141014,93338,10.08,3,37294,37,"B",10.07,10.06,10.05,10.04,10.03,10.08,10.09,10.1,10.11,10.12,1880,3109,2973,3418,2253,1175,1254,2105,1038,1411
"sz",1,20141014,93342,10.07,2,153469,152,"S",10.07,10.06,10.05,10.04,10.03,10.08,10.09,10.1,10.11,10.12,1802,3159,2973,3418,2253,1173,1254,2105,1038,1411
"sz",1,20141014,93343,10.07,1,504,1,"S",10.07,10.06,10.05,10.04,10.03,10.08,10.09,10.1,10.11,10.12,1802,3159,2973,3418,2253,1193,1254,2105,1038,1411
"sz",1,20141014,93347,10.07,7,22164,22,"S",10.07,10.06,10.05,10.04,10.03,10.08,10.09,10.1,10.11,10.12,1820,3161,2973,3418,2253,1187,1254,2105,1038,1411
"sz",1,20141014,93351,10.08,3,52416,52,"B",10.07,10.06,10.05,10.04,10.03,10.08,10.09,10.1,10.11,10.12,1840,3165,2973,3418,2253,1135,1284,2105,1038,1411
"sz",1,20141014,93354,10.07,5,149181,148,"S",10.07,10.06,10.05,10.04,10.03,10.08,10.09,10.1,10.11,10.12,1864,3165,3018,3418,2263,990,1109,2105,1088,1411
"sz",1,20141014,93356,10.08,1,20160,20,"B",10.07,10.06,10.05,10.04,10.03,10.08,10.09,10.1,10.11,10.12,1871,3165,3031,3424,2263,978,1109,2105,1088,1411
"sz",1,20141014,93400,10.08,1,10080,10,"B",10.07,10.06,10.05,10.04,10.03,10.08,10.09,10.1,10.11,10.12,2003,3165,3091,3424,2263,968,1109,2105,1088,1411
"sz",1,20141014,93403,10.08,2,16806,16,"B",10.07,10.06,10.05,10.04,10.03,10.08,10.09,10.1,10.11,10.12,2040,3200,3101,3724,2263,1133,1131,2105,1088,1411
"sz",1,20141014,93406,10.08,1,130032,129,"B",10.07,10.06,10.05,10.04,10.03,10.08,10.09,10.1,10.11,10.12,2158,3200,3101,3724,2263,1005,1132,2105,1088,1411
"sz",1,20141014,93409,10.07,8,148356,148,"S",10.07,10.06,10.05,10.04,10.03,10.08,10.09,10.1,10.11,10.12,2102,3200,3101,3724,2355,880,1132,2105,1088,1411
"sz",1,20141014,93412,10.07,10,69545,69,"S",10.07,10.06,10.05,10.04,10.03,10.08,10.09,10.1,10.11,10.12,2100,3200,3112,3724,2365,823,1146,2105,1088,1411
"sz",1,20141014,93415,10.07,4,226799,225,"S",10.07,10.06,10.05,10.04,10.03,10.08,10.09,10.1,10.11,10.12,1938,3200,3112,3724,2370,801,1147,2105,1088,1411
"sz",1,20141014,93417,10.08,7,239076,237,"B",10.07,10.06,10.05,10.04,10.03,10.08,10.09,10.1,10.11,10.12,1885,3200,3115,3724,2370,587,1146,2105,1088,1411
"sz",1,20141014,93421,10.08,16,617208,612,"B",10.08,10.07,10.06,10.05,10.04,10.09,10.1,10.11,10.12,10.13,90,1900,3205,3115,3725,1145,2101,1088,1411,1777
"sz",1,20141014,93423,10.07,4,142754,142,"S",10.07,10.06,10.05,10.04,10.03,10.08,10.09,10.1,10.11,10.12,1850,3205,3115,3725,2390,173,1146,2101,1088,1411
"sz",1,20141014,93427,10.07,3,77615,77,"S",10.07,10.06,10.05,10.04,10.03,10.08,10.09,10.1,10.11,10.12,1874,3217,3115,3725,2390,97,1146,2101,1088,1411
"sz",1,20141014,93430,10.08,4,99116,98,"B",10.08,10.07,10.06,10.05,10.04,10.09,10.1,10.11,10.12,10.13,401,1889,3217,3125,3725,1146,2101,1088,1411,1777
"sz",1,20141014,93433,10.08,2,2016,2,"S",10.08,10.07,10.06,10.05,10.04,10.09,10.1,10.11,10.12,10.13,440,1889,3217,3138,3725,1146,2101,1088,1411,1789
"sz",1,20141014,93436,10.08,5,448228,445,"S",10.07,10.06,10.05,10.04,10.03,10.08,10.09,10.1,10.11,10.12,1964,3217,3138,3725,2420,243,1145,2102,1088,1411
"sz",1,20141014,93438,10.08,5,85679,85,"B",10.07,10.06,10.05,10.04,10.03,10.08,10.09,10.1,10.11,10.12,1973,3203,3138,3735,2420,159,1145,2102,1088,1411
"sz",1,20141014,93441,10.08,4,21167,21,"B",10.07,10.06,10.05,10.04,10.03,10.08,10.09,10.1,10.11,10.12,1982,3203,3138,3735,2422,139,1345,2102,1088,1411
"sz",1,20141014,93445,10.07,3,33775,34,"S",10.07,10.06,10.05,10.04,10.03,10.08,10.09,10.1,10.11,10.12,2022,3205,3151,3745,2422,139,1345,2102,1088,1411
"sz",1,20141014,93448,10.08,6,169676,168,"B",10.08,10.07,10.06,10.05,10.04,10.09,10.1,10.11,10.12,10.13,67,2057,3205,3251,3745,1316,2101,1088,1411,1789
"sz",1,20141014,93451,10.08,3,12096,12,"S",10.08,10.07,10.06,10.05,10.04,10.09,10.1,10.11,10.12,10.13,255,2096,3225,3262,3750,1267,2101,1088,1411,1789
"sz",1,20141014,93454,10.08,2,10080,10,"S",10.08,10.07,10.06,10.05,10.04,10.09,10.1,10.11,10.12,10.13,265,2138,3225,3263,3750,1268,2102,1088,1411,1789
"sz",1,20141014,93457,10.08,3,76608,76,"S",10.08,10.07,10.06,10.05,10.04,10.09,10.1,10.11,10.12,10.13,210,2227,3228,3263,3750,1268,2101,1088,1411,1789
"sz",1,20141014,93500,10.09,2,21188,21,"B",10.08,10.07,10.06,10.05,10.04,10.09,10.1,10.11,10.12,10.13,209,2228,3228,3267,3750,1248,2102,1088,1411,1789
"sz",1,20141014,93503,10.08,1,1008,1,"S",10.08,10.07,10.06,10.05,10.04,10.09,10.1,10.11,10.12,10.13,972,2233,3233,3267,3752,1267,2102,1088,1411,1789
"sz",1,20141014,93506,10.09,8,152942,152,"B",10.08,10.07,10.06,10.05,10.04,10.09,10.1,10.11,10.12,10.13,980,2233,3217,3277,3752,1138,2101,1088,1411,1789
"sz",1,20141014,93509,10.08,2,6048,6,"S",10.08,10.07,10.06,10.05,10.04,10.09,10.1,10.11,10.12,10.13,1014,2236,3264,3277,3752,1146,2101,1088,1411,1789
"sz",1,20141014,93512,10.08,2,3026,3,"S",10.08,10.07,10.06,10.05,10.04,10.09,10.1,10.11,10.12,10.13,1068,2236,3270,3277,3752,1145,2131,1088,1411,1789
"sz",1,20141014,93515,10.08,2,3024,3,"S",10.08,10.07,10.06,10.05,10.04,10.09,10.1,10.11,10.12,10.13,1405,2254,3270,3277,3752,1145,2131,1088,1411,1789
"sz",1,20141014,93517,10.08,2,18394,18,"S",10.08,10.07,10.06,10.05,10.04,10.09,10.1,10.11,10.12,10.13,1404,2255,3270,3277,3752,1127,2131,1088,1411,1789
"sz",1,20141014,93521,10.08,4,111888,111,"S",10.08,10.07,10.06,10.05,10.04,10.09,10.1,10.11,10.12,10.13,1425,2255,3270,3277,3774,1111,2130,1088,1411,1789
"sz",1,20141014,93523,10.08,4,51408,51,"S",10.08,10.07,10.06,10.05,10.04,10.09,10.1,10.11,10.12,10.13,1390,2255,3270,3277,3774,1112,2130,1088,1411,1789
"sz",1,20141014,93527,10.08,2,4035,4,"S",10.08,10.07,10.06,10.05,10.04,10.09,10.1,10.11,10.12,10.13,1419,2192,3270,3287,3774,1109,2130,1088,1411,1789
"sz",1,20141014,93533,10.08,7,46368,46,"S",10.08,10.07,10.06,10.05,10.04,10.09,10.1,10.11,10.12,10.13,1488,2202,3270,3287,3774,1108,2130,1088,1411,1789
"sz",1,20141014,93536,10.09,3,22197,22,"B",10.08,10.07,10.06,10.05,10.04,10.09,10.1,10.11,10.12,10.13,2198,2502,3270,3298,3774,1365,2130,1088,1411,1789
"sz",1,20141014,93539,10.08,1,1008,1,"S",10.08,10.07,10.06,10.05,10.04,10.09,10.1,10.11,10.12,10.13,2533,2502,3270,3298,3774,1386,2130,1088,1411,1789
"sz",1,20141014,93542,10.08,5,64676,64,"S",10.08,10.07,10.06,10.05,10.04,10.09,10.1,10.11,10.12,10.13,2492,2512,3370,3298,3774,1363,2130,1088,1411,1789
"sz",1,20141014,93545,10.08,3,21188,21,"S",10.08,10.07,10.06,10.05,10.04,10.09,10.1,10.11,10.12,10.13,2511,2722,3370,3298,3808,1343,2140,1088,1411,1789
"sz",1,20141014,93548,10.09,4,72583,72,"B",10.08,10.07,10.06,10.05,10.04,10.09,10.1,10.11,10.12,10.13,2480,2720,3370,3298,3808,1336,2141,1088,1411,1789
"sz",1,20141014,93551,10.09,10,156393,155,"B",10.08,10.07,10.06,10.05,10.04,10.09,10.1,10.11,10.12,10.13,2571,2708,3370,3298,3808,1206,2140,1088,1411,1789
"sz",1,20141014,93554,10.08,5,51653,51,"S",10.08,10.07,10.06,10.05,10.04,10.09,10.1,10.11,10.12,10.13,2685,2708,3370,3298,3808,1163,2141,1138,1411,1789
"sz",1,20141014,93557,10.09,1,9081,9,"B",10.08,10.07,10.06,10.05,10.04,10.09,10.1,10.11,10.12,10.13,2693,2728,3375,3298,3818,1154,2141,1138,1411,1789
"sz",1,20141014,93600,10.09,4,9079,9,"B",10.08,10.07,10.06,10.05,10.04,10.09,10.1,10.11,10.12,10.13,2688,2728,3375,3298,3811,1147,2141,1168,1411,1789
"sz",1,20141014,93603,10.08,7,172409,171,"S",10.08,10.07,10.06,10.05,10.04,10.09,10.1,10.11,10.12,10.13,2848,2728,3375,3298,3811,1106,2131,1168,1411,1789
"sz",1,20141014,93606,10.09,5,56479,56,"B",10.08,10.07,10.06,10.05,10.04,10.09,10.1,10.11,10.12,10.13,2847,2703,3325,3498,3811,1075,2131,1168,1511,1789
"sz",1,20141014,93609,10.08,5,131169,130,"S",10.08,10.07,10.06,10.05,10.04,10.09,10.1,10.11,10.12,10.13,3056,2703,3334,3483,3811,946,2131,1168,1511,1789
"sz",1,20141014,93612,10.08,8,85710,85,"S",10.08,10.07,10.06,10.05,10.04,10.09,10.1,10.11,10.12,10.13,3001,2703,3334,3475,3811,915,2130,1168,1491,1789
"sz",1,20141014,93615,10.09,4,63567,63,"B",10.08,10.07,10.06,10.05,10.04,10.09,10.1,10.11,10.12,10.13,3016,2703,3356,3475,3811,852,2040,1176,1491,1789
"sz",1,20141014,93618,10.09,6,78702,78,"B",10.08,10.07,10.06,10.05,10.04,10.09,10.1,10.11,10.12,10.13,3022,2754,3310,3475,3811,803,1961,1176,1491,1789
"sz",1,20141014,93621,10.09,8,163650,162,"B",10.08,10.07,10.06,10.05,10.04,10.09,10.1,10.11,10.12,10.13,3065,2754,3280,3485,3811,680,1961,1176,1491,1789
"sz",1,20141014,93624,10.09,7,350123,347,"B",10.08,10.07,10.06,10.05,10.04,10.09,10.1,10.11,10.12,10.13,3061,2682,3280,3505,3551,333,1911,1176,1571,1789
"sz",1,20141014,93627,10.09,7,190629,189,"B",10.08,10.07,10.06,10.05,10.04,10.09,10.1,10.11,10.12,10.13,2984,2672,3285,3505,3579,216,1911,1176,1571,1789
"sz",1,20141014,93630,10.08,2,37297,37,"S",10.08,10.07,10.06,10.05,10.04,10.09,10.1,10.11,10.12,10.13,3014,2672,3315,3505,3579,215,1861,1076,1579,1789
"sz",1,20141014,93633,10.09,4,156395,155,"B",10.08,10.07,10.06,10.05,10.04,10.09,10.1,10.11,10.12,10.13,3064,2702,3315,3511,3579,62,1811,1076,1579,1769
"sz",1,20141014,93636,10.09,14,112520,112,"B",10.08,10.07,10.06,10.05,10.04,10.09,10.1,10.11,10.12,10.13,3054,2702,3315,3941,3579,20,1811,1076,1579,1776
"sz",1,20141014,93638,10.08,1,8064,8,"S",10.08,10.07,10.06,10.05,10.04,10.09,10.1,10.11,10.12,10.13,3046,2702,3345,3941,3579,213,1843,1076,1589,1776
"sz",1,20141014,93642,10.09,5,73755,73,"B",10.08,10.07,10.06,10.05,10.04,10.09,10.1,10.11,10.12,10.13,2986,2707,3295,4241,3579,177,1821,1096,1594,1795
"sz",1,20141014,93645,10.08,4,42357,42,"S",10.08,10.07,10.06,10.05,10.04,10.09,10.1,10.11,10.12,10.13,2965,2707,3285,4241,3579,261,2178,1096,1594,1784
"sz",1,20141014,93648,10.08,4,114449,113,"S",10.08,10.07,10.06,10.05,10.04,10.09,10.1,10.11,10.12,10.13,2903,2717,3285,4241,3579,269,2178,1096,1594,1784
"sz",1,20141014,93651,10.09,8,185511,184,"B",10.08,10.07,10.06,10.05,10.04,10.09,10.1,10.11,10.12,10.13,2814,2790,3280,4241,3579,314,2138,1096,1594,1784
"sz",1,20141014,93654,10.08,4,81660,81,"S",10.08,10.07,10.06,10.05,10.04,10.09,10.1,10.11,10.12,10.13,2745,2790,3290,4241,3579,523,2138,1096,1594,1784
"sz",1,20141014,93656,10.08,1,3024,3,"S",10.08,10.07,10.06,10.05,10.04,10.09,10.1,10.11,10.12,10.13,2805,2790,3290,4241,3579,523,2159,1096,1594,1784
"sz",1,20141014,93700,10.08,6,246989,245,"S",10.08,10.07,10.06,10.05,10.04,10.09,10.1,10.11,10.12,10.13,2612,2794,3290,4241,3579,427,1892,1096,1594,1784
"sz",1,20141014,93703,10.09,5,66594,66,"B",10.08,10.07,10.06,10.05,10.04,10.09,10.1,10.11,10.12,10.13,2615,2804,3290,4241,3579,361,1892,1096,1594,1784
"sz",1,20141014,93705,10.09,6,39347,39,"B",10.08,10.07,10.06,10.05,10.04,10.09,10.1,10.11,10.12,10.13,2638,2800,3290,4241,3579,326,1892,1096,1594,1784
"sz",1,20141014,93709,10.09,12,361123,358,"B",10.08,10.07,10.06,10.05,10.04,10.09,10.1,10.11,10.12,10.13,2584,2804,3290,4241,3579,67,1892,1096,1594,1784
"sz",1,20141014,93711,10.09,8,60893,61,"B",10.08,10.07,10.06,10.05,10.04,10.09,10.1,10.11,10.12,10.13,2593,2804,3290,4244,3579,27,1923,1096,1594,1784
"sz",1,20141014,93715,10.08,5,122986,122,"S",10.08,10.07,10.06,10.05,10.04,10.09,10.1,10.11,10.12,10.13,2512,2804,3290,4247,3579,17,1923,1333,1594,1784
"sz",1,20141014,93718,10.08,9,120974,120,"S",10.08,10.07,10.06,10.05,10.04,10.09,10.1,10.11,10.12,10.13,2442,2854,3290,4247,3579,74,1891,1333,1594,1803
"sz",1,20141014,93720,10.09,4,36299,36,"B",10.08,10.07,10.06,10.05,10.04,10.09,10.1,10.11,10.12,10.13,2517,2854,3290,4247,3579,66,1891,1333,1592,1803
"sz",1,20141014,93724,10.09,7,65560,65,"B",10.08,10.07,10.06,10.05,10.04,10.09,10.1,10.11,10.12,10.13,2454,2854,3290,4257,3579,26,1891,1333,1592,1784
"sz",1,20141014,93727,10.09,3,15128,15,"B",10.09,10.08,10.07,10.06,10.05,10.1,10.11,10.12,10.13,10.14,102,2673,2854,3290,4247,1914,1333,1527,1784,1192
"sz",1,20141014,93730,10.09,2,28252,28,"S",10.09,10.08,10.07,10.06,10.05,10.1,10.11,10.12,10.13,10.14,74,2728,2864,3290,4258,1914,1333,1527,1784,1192
"sz",1,20141014,93733,10.09,3,55495,55,"S",10.09,10.08,10.07,10.06,10.05,10.1,10.11,10.12,10.13,10.14,34,2819,2864,3280,4256,1914,1333,1527,1784,1192
"sz",1,20141014,93736,10.1,2,6055,6,"B",10.09,10.08,10.07,10.06,10.05,10.1,10.11,10.12,10.13,10.14,71,2829,2876,3290,4256,1914,1333,1527,1784,1192
"sz",1,20141014,93739,10.08,11,294427,292,"S",10.08,10.07,10.06,10.05,10.04,10.09,10.1,10.11,10.12,10.13,2632,2866,3840,4256,3574,10,1914,1333,1527,1784
"sz",1,20141014,93745,10.09,6,139126,138,"B",10.09,10.08,10.07,10.06,10.05,10.1,10.11,10.12,10.13,10.14,39,2747,2868,3838,4256,1947,1333,1527,1782,1192
"sz",1,20141014,93748,10.09,1,23207,23,"S",10.09,10.08,10.07,10.06,10.05,10.1,10.11,10.12,10.13,10.14,23,2798,2868,3845,4256,1924,1333,1527,1782,1192
"sz",1,20141014,93751,10.09,4,28252,28,"S",10.09,10.08,10.07,10.06,10.05,10.1,10.11,10.12,10.13,10.14,15,2869,2868,3845,4256,1924,1333,1527,1782,1192
"sz",1,20141014,93754,10.08,5,63519,63,"S",10.09,10.08,10.07,10.06,10.05,10.1,10.11,10.12,10.13,10.14,8,2879,2868,3845,4256,1924,1333,1527,1782,1192
"sz",1,20141014,93757,10.09,5,60534,60,"S",10.09,10.08,10.07,10.06,10.05,10.1,10.11,10.12,10.13,10.14,18,2937,2821,3840,4256,1924,1333,1527,1782,1192
"sz",1,20141014,93800,10.09,1,11099,11,"S",10.09,10.08,10.07,10.06,10.05,10.1,10.11,10.12,10.13,10.14,76,2967,2821,3840,4256,1924,1333,1527,1782,1212
"sz",1,20141014,93803,10.1,13,267699,265,"B",10.09,10.08,10.07,10.06,10.05,10.1,10.11,10.12,10.13,10.14,20,2937,2843,3840,4276,1747,1096,1527,1782,1212
"sz",1,20141014,93806,10.09,10,110369,109,"S",10.08,10.07,10.06,10.05,10.04,10.09,10.1,10.11,10.12,10.13,2932,2743,3840,4276,3554,225,1777,1096,1547,1782
"sz",1,20141014,93809,10.09,4,73627,73,"B",10.08,10.07,10.06,10.05,10.04,10.09,10.1,10.11,10.12,10.13,3307,2748,3840,4276,3554,182,1777,1096,1547,1782
"sz",1,20141014,93812,10.08,5,165513,165,"S",10.08,10.07,10.06,10.05,10.04,10.09,10.1,10.11,10.12,10.13,3213,2748,3840,4276,3554,112,1949,1096,1547,1782
"sz",1,20141014,93815,10.08,6,100810,100,"S",10.08,10.07,10.06,10.05,10.04,10.09,10.1,10.11,10.12,10.13,3145,2748,3840,4276,3554,140,1949,1106,1547,1782
"sz",1,20141014,93818,10.09,12,359016,356,"B",10.08,10.07,10.06,10.05,10.04,10.09,10.1,10.11,10.12,10.13,2897,2753,3840,4326,3569,32,1949,1106,1547,1782
"sz",1,20141014,93821,10.08,2,53444,53,"S",10.08,10.07,10.06,10.05,10.04,10.09,10.1,10.11,10.12,10.13,2844,2754,3914,4346,3569,150,1949,1106,1547,1782
"sz",1,20141014,93824,10.08,9,141144,140,"S",10.08,10.07,10.06,10.05,10.04,10.09,10.1,10.11,10.12,10.13,2721,2744,3924,4346,2684,187,1949,1106,1547,1801
"sz",1,20141014,93827,10.09,7,45365,45,"B",10.08,10.07,10.06,10.05,10.04,10.09,10.1,10.11,10.12,10.13,2721,2749,4094,4334,2684,400,1994,1106,1547,1782
"sz",1,20141014,93830,10.09,5,88764,88,"B",10.08,10.07,10.06,10.05,10.04,10.09,10.1,10.11,10.12,10.13,2693,2906,4094,4349,2684,452,2322,1106,1547,1782
"sz",1,20141014,93833,10.08,15,542861,538,"S",10.08,10.07,10.06,10.05,10.04,10.1,10.11,10.12,10.13,10.14,2705,2906,4094,4349,2694,2300,1106,1547,1782,1212
"sz",1,20141014,93836,10.08,13,285314,283,"S",10.08,10.07,10.06,10.05,10.04,10.09,10.1,10.11,10.12,10.13,2539,2906,4094,4349,2694,150,2300,1106,1547,1782
"sz",1,20141014,93839,10.08,11,381360,378,"S",10.08,10.07,10.06,10.05,10.04,10.1,10.11,10.12,10.13,10.14,2615,2906,4094,4349,2694,2392,1106,1547,1782,1212
"sz",1,20141014,93841,10.09,10,293370,291,"B",10.08,10.07,10.06,10.05,10.04,10.09,10.1,10.11,10.12,10.13,2399,2906,4199,4350,2694,41,2392,1106,1547,1782
"sz",1,20141014,93845,10.1,5,133124,132,"B",10.08,10.07,10.06,10.05,10.04,10.1,10.11,10.12,10.13,10.14,2352,3788,4199,4350,2694,2050,1106,1547,1782,1212
"sz",1,20141014,93848,10.08,16,250032,248,"S",10.09,10.08,10.07,10.06,10.05,10.1,10.11,10.12,10.13,10.14,1,2503,3788,4204,4350,2050,1106,1547,1782,1212
"sz",1,20141014,93851,10.08,11,85692,85,"S",10.09,10.08,10.07,10.06,10.05,10.1,10.11,10.12,10.13,10.14,13,2442,3788,4219,4435,2064,1106,1547,1806,1212
"sz",1,20141014,93854,10.1,21,304676,302,"B",10.09,10.08,10.07,10.06,10.05,10.1,10.11,10.12,10.13,10.14,4,2304,3788,4223,4435,1969,1106,1567,1806,1231
"sz",1,20141014,93857,10.08,48,1172448,1163,"S",10.08,10.07,10.06,10.05,10.04,10.09,10.1,10.11,10.12,10.13,1310,3801,4223,4445,2711,40,2039,1106,1567,1806
"sz",1,20141014,93900,10.08,15,173484,172,"S",10.08,10.07,10.06,10.05,10.04,10.1,10.11,10.12,10.13,10.14,1221,3801,4223,4445,2711,2218,1106,1567,1806,1212
"sz",1,20141014,93903,10.08,8,53424,53,"S",10.09,10.08,10.07,10.06,10.05,10.1,10.11,10.12,10.13,10.14,19,1183,3801,4223,4345,2218,1106,1567,1825,1212
"sz",1,20141014,93906,10.09,9,283736,281,"S",10.08,10.07,10.06,10.05,10.04,10.09,10.1,10.11,10.12,10.13,1263,3816,4128,4345,2711,38,2104,1106,1567,1806
"sz",1,20141014,93909,10.09,14,376260,373,"B",10.08,10.07,10.06,10.05,10.04,10.09,10.1,10.11,10.12,10.13,921,3816,4128,4345,2711,122,2189,1106,1567,1806
"sz",1,20141014,93912,10.08,9,86848,86,"S",10.08,10.07,10.06,10.05,10.04,10.09,10.1,10.11,10.12,10.13,878,3816,4144,4345,2711,313,2189,1106,1567,1806
"sz",1,20141014,93915,10.08,5,29240,29,"S",10.08,10.07,10.06,10.05,10.04,10.09,10.1,10.11,10.12,10.13,875,3816,4144,4345,2711,303,2189,1106,1587,1806
"sz",1,20141014,93918,10.09,3,65580,65,"B",10.08,10.07,10.06,10.05,10.04,10.09,10.1,10.11,10.12,10.13,931,3821,4144,4345,2711,243,2197,1108,1587,1806
"sz",1,20141014,93921,10.08,30,404280,401,"S",10.08,10.07,10.06,10.05,10.04,10.09,10.1,10.11,10.12,10.13,798,3787,4244,4345,2711,173,2257,1108,1587,1806
"sz",1,20141014,93924,10.09,1,4036,4,"B",10.08,10.07,10.06,10.05,10.04,10.09,10.1,10.11,10.12,10.13,849,3787,4244,4345,2711,234,2257,1108,1587,1806
"sz",1,20141014,93927,10.08,34,939042,932,"S",10.07,10.06,10.05,10.04,10.03,10.08,10.09,10.1,10.11,10.12,3785,4244,4544,2731,2766,78,244,2287,1108,1587
"sz",1,20141014,93930,10.08,2,32256,32,"B",10.07,10.06,10.05,10.04,10.03,10.08,10.09,10.1,10.11,10.12,3797,4244,4552,2731,2766,46,344,2287,1108,1587
"sz",1,20141014,93932,10.08,3,20160,20,"B",10.07,10.06,10.05,10.04,10.03,10.08,10.09,10.1,10.11,10.12,3797,4244,4552,2731,2769,32,344,2187,1108,1587
"sz",1,20141014,93936,10.07,2,65454,65,"S",10.07,10.06,10.05,10.04,10.03,10.08,10.09,10.1,10.11,10.12,3835,4218,4573,2769,2769,32,344,2187,1198,1587
"sz",1,20141014,93939,10.09,4,53840,53,"B",10.08,10.07,10.06,10.05,10.04,10.09,10.1,10.11,10.12,10.13,567,3845,4218,4573,2769,452,2287,1198,1587,1806
"sz",1,20141014,93945,10.08,3,72588,72,"S",10.08,10.07,10.06,10.05,10.04,10.09,10.1,10.11,10.12,10.13,814,3854,4328,4578,2769,467,2128,1198,1587,1806
"sz",1,20141014,93957,10.08,2,121060,120,"S",10.08,10.07,10.06,10.05,10.04,10.09,10.1,10.11,10.12,10.13,4184,3865,4348,4588,2759,717,2263,1198,1593,1806
"sz",1,20141014,94000,10.08,11,264352,262,"S",10.08,10.07,10.06,10.05,10.04,10.09,10.1,10.11,10.12,10.13,4176,3875,4353,4588,2759,463,2263,1198,1593,1836
"sz",1,20141014,94003,10.09,1,5044,5,"B",10.08,10.07,10.06,10.05,10.04,10.09,10.1,10.11,10.12,10.13,4197,3881,4353,4588,2759,888,2263,1198,1593,1836
"sz",1,20141014,94006,10.08,7,220886,219,"S",10.08,10.07,10.06,10.05,10.04,10.09,10.1,10.11,10.12,10.13,4599,3886,4353,4590,2759,903,2263,1198,1593,1836
"sz",1,20141014,94009,10.09,4,148222,147,"B",10.08,10.07,10.06,10.05,10.04,10.09,10.1,10.11,10.12,10.13,4527,3897,4353,4590,2759,906,2263,1198,1593,1836
"sz",1,20141014,94012,10.09,4,18384,18,"B",10.08,10.07,10.06,10.05,10.04,10.09,10.1,10.11,10.12,10.13,4509,3897,4359,4590,2769,953,2263,1198,1593,1836
"sz",1,20141014,94015,10.09,3,117948,117,"B",10.08,10.07,10.06,10.05,10.04,10.09,10.1,10.11,10.12,10.13,4425,3897,4379,4590,2769,943,2263,1198,1593,1836
"sz",1,20141014,94018,10.09,11,332640,330,"B",10.08,10.07,10.06,10.05,10.04,10.09,10.1,10.11,10.12,10.13,4166,3932,4379,4590,2778,1010,2586,1198,1593,1836
"sz",1,20141014,94020,10.08,3,14244,14,"S",10.08,10.07,10.06,10.05,10.04,10.09,10.1,10.11,10.12,10.13,4152,3932,4364,4590,2788,1286,2586,1198,1593,1836
"sz",1,20141014,94024,10.09,13,1779664,1766,"B",10.08,10.07,10.06,10.05,10.04,10.09,10.1,10.11,10.12,10.13,2491,3932,4365,4590,2788,1236,2586,1198,1593,1836
"sz",1,20141014,94026,10.09,4,179602,178,"B",10.08,10.07,10.06,10.05,10.04,10.09,10.1,10.11,10.12,10.13,2500,3973,4365,4690,2788,1058,2586,1198,1593,1836
"sz",1,20141014,94030,10.09,1,21190,21,"B",10.08,10.07,10.06,10.05,10.04,10.09,10.1,10.11,10.12,10.13,2536,3973,4385,4690,2788,1037,2586,1196,1593,1836
"sz",1,20141014,94033,10.09,1,7062,7,"B",10.08,10.07,10.06,10.05,10.04,10.09,10.1,10.11,10.12,10.13,2541,3973,4389,4700,2788,1062,2586,1196,1593,1836
"sz",1,20141014,94039,10.08,2,35286,35,"S",10.08,10.07,10.06,10.05,10.04,10.09,10.1,10.11,10.12,10.13,2561,3976,4424,4716,2788,1161,2475,1196,1593,1836
"sz",1,20141014,94041,10.08,1,40320,40,"S",10.08,10.07,10.06,10.05,10.04,10.09,10.1,10.11,10.12,10.13,2638,4025,4424,4721,2794,1174,2525,1196,1793,1836
"sz",1,20141014,94048,10.08,3,20172,20,"S",10.08,10.07,10.06,10.05,10.04,10.09,10.1,10.11,10.12,10.13,2665,4059,4424,4752,2794,1262,2360,1196,1833,1836
"sz",1,20141014,94054,10.09,1,1008,1,"B",10.08,10.07,10.06,10.05,10.04,10.09,10.1,10.11,10.12,10.13,2747,4059,4434,4980,2794,1261,2360,1196,1833,1836
"sz",1,20141014,94057,10.09,1,115026,114,"B",10.08,10.07,10.06,10.05,10.04,10.09,10.1,10.11,10.12,10.13,3153,4059,4454,4977,2814,1147,2360,1196,1833,1836
"sz",1,20141014,94100,10.09,3,164370,163,"B",10.08,10.07,10.06,10.05,10.04,10.09,10.1,10.11,10.12,10.13,3111,4084,4454,4977,2819,1404,2037,1196,1833,1836
"sz",1,20141014,94103,10.08,3,141256,140,"S",10.08,10.07,10.06,10.05,10.04,10.09,10.1,10.11,10.12,10.13,3190,4104,4454,4977,2819,1268,2057,1196,1833,1886
"sz",1,20141014,94106,10.08,9,464212,460,"S",10.08,10.07,10.06,10.05,10.04,10.09,10.1,10.11,10.12,10.13,3050,4198,4464,4977,2819,987,2057,1196,1833,1886
"sz",1,20141014,94109,10.08,7,286696,284,"S",10.08,10.07,10.06,10.05,10.04,10.09,10.1,10.11,10.12,10.13,3090,4708,4532,4987,3819,683,2324,1196,1843,1886
"sz",1,20141014,94112,10.08,5,42664,43,"S",10.08,10.07,10.06,10.05,10.04,10.09,10.1,10.11,10.12,10.13,3079,4708,4549,4990,3819,641,2324,1196,1843,1886
"sz",1,20141014,94115,10.09,9,747670,741,"B",10.09,10.08,10.07,10.06,10.05,10.1,10.11,10.12,10.13,10.14,340,3092,4707,4549,5022,2434,1196,1843,1886,1480
"sz",1,20141014,94121,10.09,34,2673634,2652,"S",10.09,10.08,10.07,10.06,10.05,10.1,10.11,10.12,10.13,10.14,14,946,4707,4549,5065,2334,1206,1843,1886,1480
"sz",1,20141014,94124,10.09,5,25224,25,"S",10.08,10.07,10.06,10.05,10.04,10.09,10.1,10.11,10.12,10.13,981,4704,4569,5065,3829,174,2334,3540,1843,1886
"sz",1,20141014,94127,10.09,4,180612,179,"B",10.09,10.08,10.07,10.06,10.05,10.1,10.11,10.12,10.13,10.14,154,1481,4803,4569,5065,2334,3540,1843,1886,1480
"sz",1,20141014,94130,10.08,2,240056,238,"S",10.08,10.07,10.06,10.05,10.04,10.09,10.1,10.11,10.12,10.13,1397,4808,4569,5070,3829,200,2116,3540,1858,1886
"sz",1,20141014,94132,10.09,1,7064,7,"B",10.08,10.07,10.06,10.05,10.04,10.09,10.1,10.11,10.12,10.13,1407,4808,4569,5075,3829,193,2116,3540,1858,1886
"sz",1,20141014,94136,10.09,1,7064,7,"B",10.08,10.07,10.06,10.05,10.04,10.09,10.1,10.11,10.12,10.13,1407,4808,4569,5085,3829,221,2116,3530,1858,1886
"sz",1,20141014,94139,10.09,10,121020,120,"B",10.08,10.07,10.06,10.05,10.04,10.09,10.1,10.11,10.12,10.13,1459,4808,4569,5085,3829,383,2130,3530,1858,1886
"sz",1,20141014,94142,10.09,3,42378,42,"B",10.08,10.07,10.06,10.05,10.04,10.09,10.1,10.11,10.12,10.13,1575,4819,4569,5123,3829,441,2130,3530,1858,1886
"sz",1,20141014,94144,10.09,4,107956,107,"B",10.08,10.07,10.06,10.05,10.04,10.09,10.1,10.11,10.12,10.13,1588,4822,4569,5103,3829,341,2130,3530,1858,1886
"sz",1,20141014,94148,10.09,3,35314,35,"B",10.08,10.07,10.06,10.05,10.04,10.09,10.1,10.11,10.12,10.13,1589,4822,4569,5107,3839,306,2130,3530,1858,1886
"sz",1,20141014,94151,10.09,3,170522,169,"B",10.08,10.07,10.06,10.05,10.04,10.09,10.1,10.11,10.12,10.13,1625,4975,4549,5157,3839,265,2190,3530,1858,1886
"sz",1,20141014,94154,10.09,6,267386,265,"B",10.09,10.08,10.07,10.06,10.05,10.1,10.11,10.12,10.13,10.14,21,1680,4975,4549,5158,2190,3530,1878,1886,1480
"sz",1,20141014,94202,10.09,11,237120,235,"S",10.09,10.08,10.07,10.06,10.05,10.1,10.11,10.12,10.13,10.14,28,1937,4938,4549,5229,2374,3530,1883,1886,1478
"sz",1,20141014,94206,10.1,5,130290,129,"B",10.09,10.08,10.07,10.06,10.05,10.1,10.11,10.12,10.13,10.14,123,1892,4938,4549,5229,2245,3557,1883,1886,1478
"sz",1,20141014,94209,10.08,5,139474,138,"S",10.08,10.07,10.06,10.05,10.04,10.09,10.1,10.11,10.12,10.13,2424,4927,4549,5308,3839,301,2245,3557,1883,1886
"sz",1,20141014,94211,10.09,2,14126,14,"B",10.08,10.07,10.06,10.05,10.04,10.09,10.1,10.11,10.12,10.13,2478,4927,4549,5308,3839,407,2245,3557,1883,1886
"sz",1,20141014,94215,10.09,3,39350,39,"B",10.08,10.07,10.06,10.05,10.04,10.09,10.1,10.11,10.12,10.13,2458,4847,4549,5309,3839,419,2245,3557,1883,1886
"sz",1,20141014,94218,10.09,4,70752,70,"B",10.08,10.07,10.06,10.05,10.04,10.09,10.1,10.11,10.12,10.13,2529,4847,4549,5317,3849,358,2275,3557,1883,1886
"sz",1,20141014,94221,10.09,1,18164,18,"B",10.08,10.07,10.06,10.05,10.04,10.09,10.1,10.11,10.12,10.13,2616,4847,4549,5317,3849,340,2256,3507,1683,1886
"sz",1,20141014,94224,10.09,7,143276,142,"B",10.08,10.07,10.06,10.05,10.04,10.09,10.1,10.11,10.12,10.13,2596,4847,4549,5347,3849,217,2256,3507,1683,1886
"sz",1,20141014,94230,10.09,1,10092,10,"B",10.08,10.07,10.06,10.05,10.04,10.09,10.1,10.11,10.12,10.13,2627,4937,4551,5307,3869,211,2256,3507,1683,1886
"sz",1,20141014,94233,10.09,6,189692,188,"B",10.08,10.07,10.06,10.05,10.04,10.09,10.1,10.11,10.12,10.13,2778,4937,4619,5352,3889,33,2285,3507,1683,1886
"sz",1,20141014,94235,10.09,4,34104,34,"B",10.09,10.08,10.07,10.06,10.05,10.1,10.11,10.12,10.13,10.14,96,2798,4937,4619,5362,2285,3507,1683,1886,1478
"sz",1,20141014,94242,10.09,3,100900,100,"S",10.09,10.08,10.07,10.06,10.05,10.1,10.11,10.12,10.13,10.14,259,2813,4916,4619,5365,2301,3507,1683,1886,1478
"sz",1,20141014,94245,10.09,3,230052,228,"S",10.09,10.08,10.07,10.06,10.05,10.1,10.11,10.12,10.13,10.14,211,3014,4916,4619,5365,2073,3507,1683,1886,1478
"sz",1,20141014,94247,10.1,1,5048,5,"B",10.09,10.08,10.07,10.06,10.05,10.1,10.11,10.12,10.13,10.14,222,3015,4876,4619,5385,2068,3754,1683,1886,1478
"sz",1,20141014,94251,10.09,2,22212,22,"S",10.09,10.08,10.07,10.06,10.05,10.1,10.11,10.12,10.13,10.14,216,3115,4867,4623,5385,2055,4355,1683,1886,1478
"sz",1,20141014,94257,10.1,2,40400,40,"B",10.09,10.08,10.07,10.06,10.05,10.1,10.11,10.12,10.13,10.14,292,3400,4765,4623,5385,2038,4355,1683,1886,1478
"sz",1,20141014,94300,10.1,6,32292,32,"B",10.09,10.08,10.07,10.06,10.05,10.1,10.11,10.12,10.13,10.14,260,3716,3883,4623,5385,2006,4355,1683,1886,1478
"sz",1,20141014,94302,10.09,3,32460,32,"S",10.09,10.08,10.07,10.06,10.05,10.1,10.11,10.12,10.13,10.14,286,3716,3883,4588,5384,1974,4355,1683,1926,1478
"sz",1,20141014,94306,10.1,5,130290,129,"B",10.09,10.08,10.07,10.06,10.05,10.1,10.11,10.12,10.13,10.14,339,3746,3913,4588,5384,1845,4355,1683,1926,1478
"sz",1,20141014,94312,10.09,2,110990,110,"S",10.09,10.08,10.07,10.06,10.05,10.1,10.11,10.12,10.13,10.14,474,4703,4003,4588,5418,1837,4355,1683,1926,1498
"sz",1,20141014,94315,10.1,2,10332,10,"B",10.09,10.08,10.07,10.06,10.05,10.1,10.11,10.12,10.13,10.14,474,4762,3983,4588,5422,1827,4355,1687,1926,1498
"sz",1,20141014,94318,10.09,4,23212,23,"S",10.09,10.08,10.07,10.06,10.05,10.1,10.11,10.12,10.13,10.14,676,4762,3988,4588,5434,2022,4355,1687,1926,1498
"sz",1,20141014,94330,10.09,3,46416,46,"S",10.09,10.08,10.07,10.06,10.05,10.1,10.11,10.12,10.13,10.14,688,4782,3984,4609,5470,2068,4363,1687,1926,1498
"sz",1,20141014,94332,10.1,1,4040,4,"B",10.09,10.08,10.07,10.06,10.05,10.1,10.11,10.12,10.13,10.14,688,4842,3984,4609,5470,2064,4412,1687,1926,1498
"sz",1,20141014,94336,10.09,15,128272,127,"S",10.09,10.08,10.07,10.06,10.05,10.1,10.11,10.12,10.13,10.14,580,4867,3984,4609,5480,2059,4412,1687,1926,1498
"sz",1,20141014,94339,10.09,4,44416,44,"S",10.09,10.08,10.07,10.06,10.05,10.1,10.11,10.12,10.13,10.14,766,4867,3994,4932,5485,2279,4412,1687,1926,1498
"sz",1,20141014,94341,10.09,3,110992,110,"S",10.09,10.08,10.07,10.06,10.05,10.1,10.11,10.12,10.13,10.14,656,4872,3994,4939,5485,2254,4412,1687,1926,1498
"sz",1,20141014,94345,10.1,5,54540,54,"B",10.09,10.08,10.07,10.06,10.05,10.1,10.11,10.12,10.13,10.14,758,4844,3994,4939,5495,2150,4412,1687,1926,1498
"sz",1,20141014,94348,10.1,2,16160,16,"B",10.09,10.08,10.07,10.06,10.05,10.1,10.11,10.12,10.13,10.14,752,4844,4094,4939,5505,2234,4412,1687,1926,1498
"sz",1,20141014,94351,10.09,22,802668,796,"S",10.08,10.07,10.06,10.05,10.04,10.09,10.1,10.11,10.12,10.13,4883,4064,4939,5705,3920,432,2354,4412,1687,1926
"sz",1,20141014,94354,10.08,3,191704,190,"S",10.08,10.07,10.06,10.05,10.04,10.09,10.1,10.11,10.12,10.13,4870,4065,4939,5705,3920,257,2354,4441,1687,1926
"sz",1,20141014,94356,10.09,3,116032,115,"B",10.08,10.07,10.06,10.05,10.04,10.09,10.1,10.11,10.12,10.13,4890,4065,4949,5705,3920,212,2554,4441,1687,1926
"sz",1,20141014,94400,10.09,81,3574532,3546,"B",10.08,10.07,10.06,10.05,10.04,10.09,10.1,10.11,10.12,10.13,1505,4065,4949,5715,3920,298,2554,4204,1687,1926
"sz",1,20141014,94406,10.09,4,235096,233,"B",10.08,10.07,10.06,10.05,10.04,10.09,10.1,10.11,10.12,10.13,1536,4075,4949,5715,3920,24,2582,4204,1687,1926
"sz",1,20141014,94409,10.08,3,23548,23,"S",10.08,10.07,10.06,10.05,10.04,10.09,10.1,10.11,10.12,10.13,1553,6081,4939,5715,3920,24,2582,4204,1687,1926
"sz",1,20141014,94412,10.08,4,70560,70,"S",10.08,10.07,10.06,10.05,10.04,10.09,10.1,10.11,10.12,10.13,1492,6081,4892,5715,3913,351,2582,4214,1687,1914
"sz",1,20141014,94415,10.09,2,5044,5,"B",10.08,10.07,10.06,10.05,10.04,10.09,10.1,10.11,10.12,10.13,1592,6075,4905,5715,3913,1138,2582,4214,1687,1914
"sz",1,20141014,94418,10.09,13,256148,254,"B",10.08,10.07,10.06,10.05,10.04,10.09,10.1,10.11,10.12,10.13,1485,6075,4905,5715,3890,1225,2627,4214,1747,1914
"sz",1,20141014,94421,10.09,8,280432,278,"B",10.08,10.07,10.06,10.05,10.04,10.09,10.1,10.11,10.12,10.13,1450,6075,4905,5715,3890,931,2627,4261,1747,1914
"sz",1,20141014,94424,10.08,4,193588,192,"S",10.08,10.07,10.06,10.05,10.04,10.09,10.1,10.11,10.12,10.13,1653,6075,4865,5715,3909,881,2667,4271,1747,1914
"sz",1,20141014,94427,10.08,6,263292,261,"S",10.08,10.07,10.06,10.05,10.04,10.09,10.1,10.11,10.12,10.13,1606,6095,4865,5715,3909,882,2667,4271,1727,1914
"sz",1,20141014,94430,10.09,4,44384,44,"B",10.08,10.07,10.06,10.05,10.04,10.09,10.1,10.11,10.12,10.13,1671,6084,4865,5715,3909,852,2667,4271,1727,1914
"sz",1,20141014,94433,10.09,3,50408,50,"B",10.08,10.07,10.06,10.05,10.04,10.09,10.1,10.11,10.12,10.13,1749,6074,4875,5752,3919,1073,2671,4271,1727,1914
"sz",1,20141014,94436,10.09,2,192532,191,"B",10.08,10.07,10.06,10.05,10.04,10.09,10.1,10.11,10.12,10.13,1658,6074,4875,5752,3919,1359,2711,4271,1727,1944
"sz",1,20141014,94439,10.09,2,233076,231,"B",10.08,10.07,10.06,10.05,10.04,10.09,10.1,10.11,10.12,10.13,1693,6074,4875,5762,3919,1177,2711,4271,1727,1944
"sz",1,20141014,94442,10.09,3,124592,124,"B",10.08,10.07,10.06,10.05,10.04,10.09,10.1,10.11,10.12,10.13,1710,6114,4895,5762,3919,1054,2711,4271,1727,1944
"sz",1,20141014,94445,10.09,6,253224,251,"B",10.08,10.07,10.06,10.05,10.04,10.09,10.1,10.11,10.12,10.13,1737,6114,4895,5764,3900,840,2711,4271,1727,1944
"sz",1,20141014,94448,10.08,4,86692,86,"S",10.08,10.07,10.06,10.05,10.04,10.09,10.1,10.11,10.12,10.13,1660,6114,4895,5774,3910,900,2711,4242,1727,1929
"sz",1,20141014,94451,10.09,7,163460,162,"B",10.08,10.07,10.06,10.05,10.04,10.09,10.1,10.11,10.12,10.13,1729,6137,4895,5775,3952,1038,2711,4242,1727,1929
"sz",1,20141014,94454,10.08,9,297460,295,"S",10.08,10.07,10.06,10.05,10.04,10.09,10.1,10.11,10.12,10.13,1439,6365,4905,5775,3953,1038,2711,4242,1727,1929
"sz",1,20141014,94457,10.09,4,46384,46,"B",10.08,10.07,10.06,10.05,10.04,10.09,10.1,10.11,10.12,10.13,1533,6365,4905,5780,3953,1573,2511,4232,1727,1929
"sz",1,20141014,94500,10.09,8,227928,226,"B",10.08,10.07,10.06,10.05,10.04,10.09,10.1,10.11,10.12,10.13,1498,6385,4907,5780,3953,1499,2511,4177,1727,1929
"sz",1,20141014,94503,10.09,11,192580,191,"B",10.08,10.07,10.06,10.05,10.04,10.09,10.1,10.11,10.12,10.13,2845,6385,4507,5800,4076,1445,2511,4177,1727,1929
"sz",1,20141014,94505,10.09,5,160432,159,"B",10.08,10.07,10.06,10.05,10.04,10.09,10.1,10.11,10.12,10.13,2852,6387,4507,5800,4076,1286,2511,4177,1727,1929
"sz",1,20141014,94509,10.09,3,72648,72,"B",10.08,10.07,10.06,10.05,10.04,10.09,10.1,10.11,10.12,10.13,2879,6387,4507,5800,4076,1214,2511,4127,1677,1929
"sz",1,20141014,94512,10.08,9,129024,128,"S",10.08,10.07,10.06,10.05,10.04,10.09,10.1,10.11,10.12,10.13,3051,6439,4497,5800,4076,1413,2396,4127,1677,1929
"sz",1,20141014,94515,10.09,5,60680,60,"B",10.08,10.07,10.06,10.05,10.04,10.09,10.1,10.11,10.12,10.13,3134,6439,4516,5800,4076,1353,2396,4127,1677,1929
"sz",1,20141014,94518,10.09,3,53440,53,"B",10.08,10.07,10.06,10.05,10.04,10.09,10.1,10.11,10.12,10.13,3164,6469,4512,5805,4199,1340,2426,4127,1677,1869
"sz",1,20141014,94521,10.09,6,152336,151,"B",10.08,10.07,10.06,10.05,10.04,10.09,10.1,10.11,10.12,10.13,3156,6449,4512,5800,4208,1212,2426,4127,1677,1869
"sz",1,20141014,94524,10.09,4,28232,28,"B",10.08,10.07,10.06,10.05,10.04,10.09,10.1,10.11,10.12,10.13,3416,6449,4520,5906,4118,1208,2426,4127,1677,1869
"sz",1,20141014,94527,10.09,4,20180,20,"B",10.08,10.07,10.06,10.05,10.04,10.09,10.1,10.11,10.12,10.13,3445,6449,4520,5911,4118,1202,2426,4127,1677,1869
"sz",1,20141014,94530,10.08,13,377028,374,"S",10.08,10.07,10.06,10.05,10.04,10.09,10.1,10.11,10.12,10.13,3609,6449,4520,5911,4118,1127,2426,4174,1677,1869
"sz",1,20141014,94533,10.09,5,42380,42,"B",10.08,10.07,10.06,10.05,10.04,10.09,10.1,10.11,10.12,10.13,3637,6461,4520,5916,4118,1085,2466,4174,1683,1869
"sz",1,20141014,94536,10.09,5,100868,100,"B",10.08,10.07,10.06,10.05,10.04,10.09,10.1,10.11,10.12,10.13,3698,6461,4520,5916,4108,1042,2445,4174,1683,1869
"sz",1,20141014,94539,10.08,4,84724,84,"S",10.08,10.07,10.06,10.05,10.04,10.09,10.1,10.11,10.12,10.13,3992,6561,4540,5916,4087,992,2445,4174,1683,1869
"sz",1,20141014,94542,10.09,7,105536,104,"B",10.08,10.07,10.06,10.05,10.04,10.09,10.1,10.11,10.12,10.13,4146,6561,4540,5916,4092,921,2495,4174,1683,1869
"sz",1,20141014,94545,10.09,11,221796,220,"B",10.08,10.07,10.06,10.05,10.04,10.09,10.1,10.11,10.12,10.13,4001,6581,4540,5917,4092,897,2495,4174,1683,1869
"sz",1,20141014,94547,10.09,7,175564,174,"B",10.08,10.07,10.06,10.05,10.04,10.09,10.1,10.11,10.12,10.13,4007,6581,4540,5917,4092,723,2491,4174,1683,1869
"sz",1,20141014,94551,10.09,20,238908,237,"B",10.08,10.07,10.06,10.05,10.04,10.09,10.1,10.11,10.12,10.13,3947,6581,4540,5917,4092,712,2491,4174,1683,1869
"sz",1,20141014,94554,10.08,23,223808,222,"S",10.08,10.07,10.06,10.05,10.04,10.09,10.1,10.11,10.12,10.13,3906,6591,4600,5855,4092,731,2491,4174,1683,1869
"sz",1,20141014,94557,10.09,5,99176,99,"B",10.08,10.07,10.06,10.05,10.04,10.09,10.1,10.11,10.12,10.13,3925,6591,4600,5946,4092,676,2491,4174,1683,1869
"sz",1,20141014,94600,10.09,9,173504,172,"B",10.08,10.07,10.06,10.05,10.04,10.09,10.1,10.11,10.12,10.13,3888,6594,4757,5946,4092,593,2491,4127,1683,1869
"sz",1,20141014,94603,10.09,5,180560,179,"B",10.08,10.07,10.06,10.05,10.04,10.09,10.1,10.11,10.12,10.13,3798,6594,4757,5946,4099,468,2491,4127,1683,1869
"sz",1,20141014,94606,10.09,9,202680,201,"B",10.08,10.07,10.06,10.05,10.04,10.09,10.1,10.11,10.12,10.13,3728,6597,4757,5946,4099,397,2491,4127,1683,1869
"sz",1,20141014,94609,10.09,4,150268,149,"B",10.08,10.07,10.06,10.05,10.04,10.09,10.1,10.11,10.12,10.13,3713,6557,4787,5946,4104,322,2491,4127,1683,1869
"sz",1,20141014,94612,10.09,6,72636,72,"B",10.08,10.07,10.06,10.05,10.04,10.09,10.1,10.11,10.12,10.13,3859,6557,4787,5946,4114,260,2499,4127,1683,1869
"sz",1,20141014,94615,10.08,4,196820,195,"S",10.08,10.07,10.06,10.05,10.04,10.09,10.1,10.11,10.12,10.13,3892,11523,4787,5946,4114,233,2499,4127,1683,1869
"sz",1,20141014,94618,10.09,3,163316,162,"B",10.08,10.07,10.06,10.05,10.04,10.09,10.1,10.11,10.12,10.13,3762,11523,4787,5946,4114,211,2499,4127,1683,1869
"sz",1,20141014,94620,10.08,1,37296,37,"S",10.08,10.07,10.06,10.05,10.04,10.09,10.1,10.11,10.12,10.13,3746,11523,4787,5946,4114,211,2499,4127,1683,1869
"sz",1,20141014,94624,10.08,11,127184,126,"S",10.08,10.07,10.06,10.05,10.04,10.09,10.1,10.11,10.12,10.13,3796,11523,4790,5946,4114,222,2499,4127,1683,1869
"sz",1,20141014,94627,10.09,8,586704,582,"B",10.08,10.07,10.06,10.05,10.04,10.09,10.1,10.11,10.12,10.13,3335,11525,4790,5971,4126,171,2499,4127,1683,1869
"sz",1,20141014,94629,10.09,7,72648,72,"B",10.08,10.07,10.06,10.05,10.04,10.09,10.1,10.11,10.12,10.13,3418,11525,4790,5971,4126,99,2499,4127,1683,1869
"sz",1,20141014,94633,10.09,6,37312,37,"B",10.08,10.07,10.06,10.05,10.04,10.09,10.1,10.11,10.12,10.13,4250,11524,4740,5971,4129,87,3310,4127,1683,1869
"sz",1,20141014,94636,10.09,10,124104,123,"B",10.08,10.07,10.06,10.05,10.04,10.09,10.1,10.11,10.12,10.13,4259,11530,4740,5971,4129,253,3344,4127,1683,1869
"sz",1,20141014,94639,10.08,7,222984,221,"S",10.08,10.07,10.06,10.05,10.04,10.09,10.1,10.11,10.12,10.13,4284,11530,4750,5971,4129,16,3367,4127,1683,1869
"sz",1,20141014,94642,10.09,1,6056,6,"B",10.08,10.07,10.06,10.05,10.04,10.09,10.1,10.11,10.12,10.13,4293,11547,4750,5976,4129,10,3367,4127,1683,1869
"sz",1,20141014,94644,10.09,6,14120,14,"B",10.09,10.08,10.07,10.06,10.05,10.1,10.11,10.12,10.13,10.14,2,4289,11547,4750,5976,3367,4127,1683,1869,2106
"sz",1,20141014,94648,10.09,3,35316,35,"S",10.09,10.08,10.07,10.06,10.05,10.1,10.11,10.12,10.13,10.14,17,4329,11562,4730,5976,3367,4127,1683,1869,2106
"sz",1,20141014,94651,10.09,5,43476,43,"S",10.09,10.08,10.07,10.06,10.05,10.1,10.11,10.12,10.13,10.14,87,4331,11572,4730,5940,3355,4127,1683,1869,2106
"sz",1,20141014,94654,10.09,2,22400,22,"S",10.09,10.08,10.07,10.06,10.05,10.1,10.11,10.12,10.13,10.14,155,4412,11572,4732,5940,3355,4127,1683,1869,2106
"sz",1,20141014,94657,10.09,2,7068,7,"S",10.09,10.08,10.07,10.06,10.05,10.1,10.11,10.12,10.13,10.14,205,4561,11569,4732,5940,3350,4127,1683,1869,2106
"sz",1,20141014,94700,10.1,12,395440,392,"B",10.08,10.07,10.06,10.05,10.04,10.1,10.11,10.12,10.13,10.14,4603,11569,4732,5940,4149,2943,4127,1683,1869,2106
"sz",1,20141014,94703,10.1,3,12352,13,"B",10.09,10.08,10.07,10.06,10.05,10.1,10.11,10.12,10.13,10.14,59,4655,11589,4733,5940,2931,4127,1683,1869,2106
"sz",1,20141014,94706,10.09,4,176704,175,"S",10.09,10.08,10.07,10.06,10.05,10.1,10.11,10.12,10.13,10.14,220,4694,11589,4733,5940,2802,4127,1683,1869,2106
"sz",1,20141014,94715,10.09,4,186804,185,"S",10.09,10.08,10.07,10.06,10.05,10.1,10.11,10.12,10.13,10.14,633,5025,11611,4743,5655,2925,4127,1683,1866,2106
"sz",1,20141014,94718,10.09,4,149332,148,"S",10.09,10.08,10.07,10.06,10.05,10.1,10.11,10.12,10.13,10.14,506,5034,11611,4743,5918,2973,4405,1683,1866,2106
"sz",1,20141014,94721,10.1,6,300716,298,"B",10.09,10.08,10.07,10.06,10.05,10.1,10.11,10.12,10.13,10.14,342,5140,11634,5043,5918,2859,4415,1683,1866,2106
"sz",1,20141014,94724,10.09,2,22200,22,"S",10.09,10.08,10.07,10.06,10.05,10.1,10.11,10.12,10.13,10.14,424,5190,11636,5043,5918,2857,4415,1683,1866,2106
"sz",1,20141014,94727,10.09,1,23208,23,"S",10.09,10.08,10.07,10.06,10.05,10.1,10.11,10.12,10.13,10.14,577,5208,11639,5043,5918,2886,4415,1683,1866,2106
"sz",1,20141014,94730,10.09,4,93836,93,"S",10.09,10.08,10.07,10.06,10.05,10.1,10.11,10.12,10.13,10.14,563,5208,11639,5043,5908,2886,4415,1683,1866,2106
"sz",1,20141014,94733,10.1,19,473588,469,"B",10.09,10.08,10.07,10.06,10.05,10.1,10.11,10.12,10.13,10.14,509,5242,11639,5043,5908,2541,4415,1683,1866,2118
"sz",1,20141014,94736,10.09,7,144288,143,"S",10.09,10.08,10.07,10.06,10.05,10.1,10.11,10.12,10.13,10.14,434,5340,11639,5043,5908,2541,4405,1683,1866,2118
"sz",1,20141014,94739,10.1,14,180712,179,"B",10.09,10.08,10.07,10.06,10.05,10.1,10.11,10.12,10.13,10.14,782,5619,11639,5043,5923,2536,4405,1683,1866,2118
"sz",1,20141014,94742,10.09,2,26236,26,"S",10.09,10.08,10.07,10.06,10.05,10.1,10.11,10.12,10.13,10.14,881,5619,11639,5029,5923,2536,4405,1683,1866,2118
"sz",1,20141014,94745,10.1,3,60548,60,"B",10.09,10.08,10.07,10.06,10.05,10.1,10.11,10.12,10.13,10.14,935,5619,11659,5029,5925,2526,4405,1683,1866,2118
"sz",1,20141014,94751,10.09,1,5652,5,"S",10.09,10.08,10.07,10.06,10.05,10.1,10.11,10.12,10.13,10.14,1225,5634,11639,5029,5925,2526,4405,1683,1866,2118
"sz",1,20141014,94754,10.09,10,210884,209,"S",10.09,10.08,10.07,10.06,10.05,10.1,10.11,10.12,10.13,10.14,1052,5684,11639,5029,5926,2526,4417,1683,1866,2118
"sz",1,20141014,94756,10.1,1,5048,5,"B",10.09,10.08,10.07,10.06,10.05,10.1,10.11,10.12,10.13,10.14,1080,5616,11639,5029,5926,2521,4417,1683,1866,2118
"sz",1,20141014,94800,10.1,6,90896,90,"B",10.09,10.08,10.07,10.06,10.05,10.1,10.11,10.12,10.13,10.14,1095,5616,11642,5029,5931,2547,4467,1683,1866,2118
"sz",1,20141014,94803,10.09,4,27264,27,"S",10.09,10.08,10.07,10.06,10.05,10.1,10.11,10.12,10.13,10.14,1158,5618,11642,4899,5941,2568,4434,1683,1866,2118
"sz",1,20141014,94806,10.1,7,255528,253,"B",10.09,10.08,10.07,10.06,10.05,10.1,10.11,10.12,10.13,10.14,1182,5628,11642,4899,5941,2315,4434,1683,1866,2118
"sz",1,20141014,94809,10.1,2,30304,30,"B",10.09,10.08,10.07,10.06,10.05,10.1,10.11,10.12,10.13,10.14,1182,5627,11642,4899,5941,2303,4434,1683,1866,2118
"sz",1,20141014,94812,10.1,4,105040,104,"B",10.09,10.08,10.07,10.06,10.05,10.1,10.11,10.12,10.13,10.14,1255,5623,11642,4899,5941,2441,4434,1683,1866,2118
"sz",1,20141014,94815,10.1,4,106048,105,"B",10.09,10.08,10.07,10.06,10.05,10.1,10.11,10.12,10.13,10.14,1259,5635,11562,4918,5941,2336,4434,1683,1866,2118
"sz",1,20141014,94817,10.09,1,132,0,"B",10.09,10.08,10.07,10.06,10.05,10.1,10.11,10.12,10.13,10.14,1261,5695,11562,4918,5941,2291,4434,1683,1866,2118
"sz",1,20141014,94821,10.1,11,120092,119,"B",10.09,10.08,10.07,10.06,10.05,10.1,10.11,10.12,10.13,10.14,1117,5755,11533,4918,5946,2269,4434,1683,1866,2118
"sz",1,20141014,94823,10.1,1,1008,1,"B",10.09,10.08,10.07,10.06,10.05,10.1,10.11,10.12,10.13,10.14,1117,6034,11533,4918,5946,2268,4458,1683,1866,2118
"sz",1,20141014,94827,10.09,2,45164,45,"S",10.09,10.08,10.07,10.06,10.05,10.1,10.11,10.12,10.13,10.14,1087,6061,11533,4918,5946,2268,4458,1683,1918,2118
"sz",1,20141014,94830,10.1,2,20200,20,"B",10.09,10.08,10.07,10.06,10.05,10.1,10.11,10.12,10.13,10.14,1097,6074,11533,4918,5946,2250,4490,1683,1918,2118
"sz",1,20141014,94833,10.1,7,134260,133,"B",10.09,10.08,10.07,10.06,10.05,10.1,10.11,10.12,10.13,10.14,1032,6074,11529,4918,5946,2197,4490,1683,1918,2118
"sz",1,20141014,94836,10.1,2,20200,20,"B",10.09,10.08,10.07,10.06,10.05,10.1,10.11,10.12,10.13,10.14,1040,5947,11474,4918,5946,2177,4490,1683,1918,2118
"sz",1,20141014,94839,10.09,7,242160,240,"S",10.09,10.08,10.07,10.06,10.05,10.1,10.11,10.12,10.13,10.14,835,5997,11469,4762,5951,2267,4490,1683,1918,2118
"sz",1,20141014,94842,10.09,1,10292,10,"S",10.09,10.08,10.07,10.06,10.05,10.1,10.11,10.12,10.13,10.14,811,5997,11449,4742,5951,2287,4490,1683,1968,2118
"sz",1,20141014,94845,10.09,13,283564,281,"S",10.09,10.08,10.07,10.06,10.05,10.1,10.11,10.12,10.13,10.14,804,6007,11517,4742,5951,2021,4487,1683,1968,2118
"sz",1,20141014,94847,10.09,13,330956,328,"S",10.09,10.08,10.07,10.06,10.05,10.1,10.11,10.12,10.13,10.14,581,5861,11513,4742,5951,1994,4488,1683,1968,2118
"sz",1,20141014,94851,10.1,1,35352,35,"B",10.09,10.08,10.07,10.06,10.05,10.1,10.11,10.12,10.13,10.14,1137,5873,11516,4742,5953,1959,4488,1683,1968,2118
"sz",1,20141014,94854,10.1,1,1008,1,"B",10.09,10.08,10.07,10.06,10.05,10.1,10.11,10.12,10.13,10.14,1144,5913,11596,4703,5953,2009,4488,1688,1968,2118
"sz",1,20141014,94856,10.09,3,80392,80,"S",10.09,10.08,10.07,10.06,10.05,10.1,10.11,10.12,10.13,10.14,1318,5913,11601,4703,5963,1933,4478,1688,1968,2118
"sz",1,20141014,94859,10.1,10,103960,103,"B",10.09,10.08,10.07,10.06,10.05,10.1,10.11,10.12,10.13,10.14,1270,5914,11601,4703,5963,2193,4478,1688,1968,2118
"sz",1,20141014,94903,10.1,4,21200,21,"B",10.09,10.08,10.07,10.06,10.05,10.1,10.11,10.12,10.13,10.14,1291,6312,11608,4703,5963,2181,4478,1688,1968,2118
"sz",1,20141014,94906,10.1,6,157560,156,"B",10.09,10.08,10.07,10.06,10.05,10.1,10.11,10.12,10.13,10.14,801,6522,11605,4703,5963,2025,4528,1688,1973,2118
"sz",1,20141014,94909,10.09,1,60540,60,"S",10.09,10.08,10.07,10.06,10.05,10.1,10.11,10.12,10.13,10.14,741,6526,11683,4703,6092,2025,4528,1688,1973,2118
"sz",1,20141014,94911,10.09,16,200932,199,"S",10.09,10.08,10.07,10.06,10.05,10.1,10.11,10.12,10.13,10.14,680,6531,11683,4703,6092,2025,4530,1688,1973,2118
"sz",1,20141014,94915,10.09,1,100900,100,"S",10.09,10.08,10.07,10.06,10.05,10.1,10.11,10.12,10.13,10.14,635,6531,11683,4703,6092,2025,4530,1688,1973,2118
"sz",1,20141014,94918,10.1,14,725288,718,"B",10.09,10.08,10.07,10.06,10.05,10.1,10.11,10.12,10.13,10.14,513,6501,11683,4703,6092,1466,4497,1688,1973,2118
"sz",1,20141014,94920,10.1,1,6060,6,"B",10.09,10.08,10.07,10.06,10.05,10.1,10.11,10.12,10.13,10.14,533,6501,11696,4703,6092,1460,4497,1688,1973,2118
"sz",1,20141014,94924,10.1,5,508028,503,"B",10.09,10.08,10.07,10.06,10.05,10.1,10.11,10.12,10.13,10.14,567,6514,11717,4703,6092,963,4497,1688,1973,2118
"sz",1,20141014,94930,10.1,4,86860,86,"B",10.09,10.08,10.07,10.06,10.05,10.1,10.11,10.12,10.13,10.14,609,6609,11713,4703,6098,898,4497,1688,1973,2118
"sz",1,20141014,94933,10.1,2,4052,4,"B",10.09,10.08,10.07,10.06,10.05,10.1,10.11,10.12,10.13,10.14,694,6973,11706,4703,6099,894,4497,1688,1973,2118
"sz",1,20141014,94936,10.1,4,20200,20,"B",10.09,10.08,10.07,10.06,10.05,10.1,10.11,10.12,10.13,10.14,759,6959,11706,4703,6099,884,4497,1688,1973,2118
"sz",1,20141014,94945,10.1,15,307808,305,"B",10.09,10.08,10.07,10.06,10.05,10.1,10.11,10.12,10.13,10.14,698,7088,11712,4703,6099,3069,4530,1688,1973,2118
"sz",1,20141014,94947,10.1,11,65588,65,"B",10.09,10.08,10.07,10.06,10.05,10.1,10.11,10.12,10.13,10.14,651,6872,11712,4703,6099,3064,4580,1603,1973,2118
"sz",1,20141014,94951,10.09,5,115236,115,"S",10.09,10.08,10.07,10.06,10.05,10.1,10.11,10.12,10.13,10.14,584,6883,11707,4703,6099,3075,4580,1603,1973,2118
"sz",1,20141014,94954,10.1,1,5052,5,"B",10.09,10.08,10.07,10.06,10.05,10.1,10.11,10.12,10.13,10.14,588,6888,11707,4703,6099,3336,4580,1603,1973,2118
"sz",1,20141014,94956,10.09,1,2020,2,"S",10.09,10.08,10.07,10.06,10.05,10.1,10.11,10.12,10.13,10.14,842,6888,11707,4703,6099,3336,4580,1592,1973,2118
"sz",1,20141014,95000,10.1,1,10096,10,"B",10.09,10.08,10.07,10.06,10.05,10.1,10.11,10.12,10.13,10.14,863,6886,11707,4703,6099,3336,4630,1592,1973,2118
"sz",1,20141014,95003,10.1,2,8080,8,"B",10.09,10.08,10.07,10.06,10.05,10.1,10.11,10.12,10.13,10.14,870,6958,11693,4703,6099,3328,4630,1592,1973,2118
"sz",1,20141014,95005,10.09,6,148704,147,"S",10.09,10.08,10.07,10.06,10.05,10.1,10.11,10.12,10.13,10.14,875,6958,11773,4703,6099,3181,4630,1592,1973,2118
"sz",1,20141014,95009,10.1,2,30300,30,"B",10.09,10.08,10.07,10.06,10.05,10.1,10.11,10.12,10.13,10.14,903,7008,11773,4703,6099,3065,4630,1592,1973,2118
"sz",1,20141014,95012,10.09,1,24216,24,"S",10.09,10.08,10.07,10.06,10.05,10.1,10.11,10.12,10.13,10.14,884,7115,11714,4703,6199,3065,4630,1512,1973,2118
"sz",1,20141014,95015,10.1,4,19180,19,"B",10.09,10.08,10.07,10.06,10.05,10.1,10.11,10.12,10.13,10.14,968,7115,11714,4703,6199,3076,4630,1527,1973,2118
"sz",1,20141014,95018,10.09,20,224068,222,"S",10.09,10.08,10.07,10.06,10.05,10.1,10.11,10.12,10.13,10.14,830,7105,11734,4609,6209,2973,4630,1527,1973,2118
"sz",1,20141014,95021,10.09,3,21204,21,"S",10.09,10.08,10.07,10.06,10.05,10.1,10.11,10.12,10.13,10.14,841,7255,11737,4609,6319,2966,4630,1652,1973,2118
"sz",1,20141014,95024,10.1,8,262600,260,"B",10.09,10.08,10.07,10.06,10.05,10.1,10.11,10.12,10.13,10.14,841,7252,11737,4634,6319,2706,4630,1652,1973,2118
"sz",1,20141014,95030,10.09,15,281536,279,"S",10.09,10.08,10.07,10.06,10.05,10.1,10.11,10.12,10.13,10.14,580,7250,11737,4655,6319,2569,4640,1652,1973,2118
"sz",1,20141014,95033,10.1,2,34336,34,"B",10.09,10.08,10.07,10.06,10.05,10.1,10.11,10.12,10.13,10.14,697,7250,11737,4655,6348,2555,4640,1652,1973,2118
"sz",1,20141014,95036,10.09,6,128236,127,"S",10.09,10.08,10.07,10.06,10.05,10.1,10.11,10.12,10.13,10.14,669,7250,11746,4655,6348,2465,4590,1652,1973,2118
"sz",1,20141014,95039,10.1,5,43392,43,"B",10.09,10.08,10.07,10.06,10.05,10.1,10.11,10.12,10.13,10.14,634,7250,11746,4655,6348,2470,4590,1652,1973,2118
"sz",1,20141014,95042,10.1,7,85088,84,"B",10.09,10.08,10.07,10.06,10.05,10.1,10.11,10.12,10.13,10.14,601,7262,11746,4655,6348,2652,4590,1652,1973,2118
"sz",1,20141014,95045,10.09,2,53476,53,"S",10.09,10.08,10.07,10.06,10.05,10.1,10.11,10.12,10.13,10.14,578,7317,11746,4705,6242,2744,4610,1652,1973,2118
"sz",1,20141014,95048,10.1,2,29272,29,"B",10.09,10.08,10.07,10.06,10.05,10.1,10.11,10.12,10.13,10.14,629,7317,11771,4705,6242,2787,4587,1652,1973,2124
"sz",1,20141014,95051,10.09,3,81736,81,"S",10.09,10.08,10.07,10.06,10.05,10.1,10.11,10.12,10.13,10.14,555,7317,11771,4705,6242,2926,4587,1652,1973,2124
"sz",1,20141014,95053,10.1,2,522148,517,"B",10.09,10.08,10.07,10.06,10.05,10.1,10.11,10.12,10.13,10.14,709,7312,11771,4705,6242,2559,4587,1652,1973,2124
"sz",1,20141014,95056,10.09,7,186664,185,"S",10.09,10.08,10.07,10.06,10.05,10.1,10.11,10.12,10.13,10.14,527,7332,11775,4705,6246,2583,4587,1652,1973,2174
"sz",1,20141014,95059,10.1,11,161452,160,"B",10.09,10.08,10.07,10.06,10.05,10.1,10.11,10.12,10.13,10.14,385,7332,11775,4705,6246,2571,4587,1652,1983,2174
"sz",1,20141014,95103,10.09,6,212012,210,"S",10.09,10.08,10.07,10.06,10.05,10.1,10.11,10.12,10.13,10.14,289,7338,11782,4705,6246,2451,4587,1652,1983,2174
"sz",1,20141014,95106,10.1,3,142396,141,"B",10.09,10.08,10.07,10.06,10.05,10.1,10.11,10.12,10.13,10.14,322,7352,11782,4705,6246,2324,4590,1652,1983,2174
"sz",1,20141014,95109,10.1,7,41376,41,"B",10.09,10.08,10.07,10.06,10.05,10.1,10.11,10.12,10.13,10.14,317,7362,11782,4705,6246,2349,4590,1527,1983,2174
"sz",1,20141014,95112,10.1,4,18396,18,"B",10.09,10.08,10.07,10.06,10.05,10.1,10.11,10.12,10.13,10.14,302,7362,11882,4725,6246,2380,4590,1527,1983,2174
"sz",1,20141014,95115,10.09,8,61548,61,"S",10.09,10.08,10.07,10.06,10.05,10.1,10.11,10.12,10.13,10.14,329,7270,11882,4725,6246,2380,4620,1527,1983,2174
"sz",1,20141014,95118,10.1,4,57520,57,"B",10.09,10.08,10.07,10.06,10.05,10.1,10.11,10.12,10.13,10.14,272,7275,11882,4725,6246,2473,4620,1540,1983,2174
"sz",1,20141014,95121,10.09,5,42524,42,"S",10.09,10.08,10.07,10.06,10.05,10.1,10.11,10.12,10.13,10.14,240,7275,11882,4725,6243,2498,4652,1540,1983,2174
"sz",1,20141014,95124,10.09,2,14124,14,"S",10.09,10.08,10.07,10.06,10.05,10.1,10.11,10.12,10.13,10.14,226,7183,11882,4725,6243,2518,4702,1540,1983,2174
"sz",1,20141014,95127,10.09,1,3028,3,"S",10.09,10.08,10.07,10.06,10.05,10.1,10.11,10.12,10.13,10.14,223,7133,11882,4725,6243,2518,4702,1540,1983,2174
"sz",1,20141014,95130,10.08,14,283468,281,"S",10.08,10.07,10.06,10.05,10.04,10.1,10.11,10.12,10.13,10.14,7119,11882,4725,6243,4090,2285,4450,1540,1983,2174
"sz",1,20141014,95133,10.09,2,31292,31,"B",10.08,10.07,10.06,10.05,10.04,10.09,10.1,10.11,10.12,10.13,7029,11882,4725,6235,4090,981,2506,4683,1540,1983
"sz",1,20141014,95135,10.09,4,117024,116,"B",10.08,10.07,10.06,10.05,10.04,10.09,10.1,10.11,10.12,10.13,7008,11882,4800,6235,4090,936,2506,4683,1540,2108
"sz",1,20141014,95138,10.08,1,2016,2,"S",10.08,10.07,10.06,10.05,10.04,10.09,10.1,10.11,10.12,10.13,7006,11892,4882,6235,4090,956,2506,4683,1540,2108
"sz",1,20141014,95142,10.08,12,349928,347,"S",10.08,10.07,10.06,10.05,10.04,10.09,10.1,10.11,10.12,10.13,6816,11892,4892,6235,4090,832,2540,4683,1540,2108
"sz",1,20141014,95148,10.08,3,67536,67,"S",10.08,10.07,10.06,10.05,10.04,10.09,10.1,10.11,10.12,10.13,6705,11892,4873,6235,4090,1569,2590,4325,1570,2108
"sz",1,20141014,95151,10.08,1,10080,10,"S",10.08,10.07,10.06,10.05,10.04,10.09,10.1,10.11,10.12,10.13,6722,11892,4873,6235,4095,1569,2590,4325,1570,2108
"sz",1,20141014,95154,10.08,3,92788,92,"S",10.08,10.07,10.06,10.05,10.04,10.09,10.1,10.11,10.12,10.13,6693,11892,4853,6235,4095,1519,2730,3724,1563,2108
"sz",1,20141014,95157,10.08,1,37296,37,"S",10.08,10.07,10.06,10.05,10.04,10.09,10.1,10.11,10.12,10.13,6652,11892,4853,6295,4095,1710,2730,3724,1563,2108
"sz",1,20141014,95200,10.08,11,332640,330,"S",10.08,10.07,10.06,10.05,10.04,10.09,10.1,10.11,10.12,10.13,6338,11892,4853,6295,4095,1710,2730,3724,1563,2108
"sz",1,20141014,95203,10.08,1,228,1,"S",10.08,10.07,10.06,10.05,10.04,10.09,10.1,10.11,10.12,10.13,6322,11911,4964,6295,4095,1710,2740,3724,1563,2108
"sz",1,20141014,95206,10.08,4,183600,182,"S",10.08,10.07,10.06,10.05,10.04,10.09,10.1,10.11,10.12,10.13,6238,11911,4964,6295,4095,1568,2736,3724,1563,2108
"sz",1,20141014,95209,10.09,4,14116,14,"B",10.08,10.07,10.06,10.05,10.04,10.09,10.1,10.11,10.12,10.13,6230,11935,4967,6345,4095,1565,3372,3724,1563,2108
"sz",1,20141014,95212,10.08,5,24320,24,"S",10.08,10.07,10.06,10.05,10.04,10.09,10.1,10.11,10.12,10.13,6261,11940,4968,6345,4095,1565,3472,3724,1563,2108
"sz",1,20141014,95215,10.08,3,245960,244,"S",10.08,10.07,10.06,10.05,10.04,10.09,10.1,10.11,10.12,10.13,6066,11961,4971,6345,4095,1326,3472,3724,1563,2108
"sz",1,20141014,95218,10.09,1,48432,48,"B",10.08,10.07,10.06,10.05,10.04,10.09,10.1,10.11,10.12,10.13,6014,11975,4971,6345,4095,1341,3339,3734,1563,2108
"sz",1,20141014,95220,10.08,2,28224,28,"S",10.08,10.07,10.06,10.05,10.04,10.09,10.1,10.11,10.12,10.13,5996,11989,4971,6348,4095,1341,3329,3734,1563,2108
"sz",1,20141014,95224,10.09,1,40360,40,"B",10.08,10.07,10.06,10.05,10.04,10.09,10.1,10.11,10.12,10.13,5945,11989,4971,6348,4095,1543,3335,3734,1563,2108
"sz",1,20141014,95227,10.08,2,25200,25,"S",10.08,10.07,10.06,10.05,10.04,10.09,10.1,10.11,10.12,10.13,5920,12005,4971,6342,4145,1543,3335,3734,1563,2108
"sz",1,20141014,95230,10.09,2,14124,14,"B",10.08,10.07,10.06,10.05,10.04,10.09,10.1,10.11,10.12,10.13,5880,12005,4971,6342,4145,1532,3387,3734,1563,2108
"sz",1,20141014,95233,10.08,3,20164,20,"S",10.08,10.07,10.06,10.05,10.04,10.09,10.1,10.11,10.12,10.13,5859,12005,4971,6342,4155,1586,3402,3734,1563,2108
"sz",1,20141014,95236,10.08,3,57824,57,"S",10.08,10.07,10.06,10.05,10.04,10.09,10.1,10.11,10.12,10.13,5802,12018,4971,6349,4176,1585,3405,3734,1563,2108
"sz",1,20141014,95239,10.08,7,192528,191,"S",10.08,10.07,10.06,10.05,10.04,10.09,10.1,10.11,10.12,10.13,5581,12018,4971,6349,4176,1585,3405,3734,1563,1983
"sz",1,20141014,95242,10.09,2,51456,51,"B",10.08,10.07,10.06,10.05,10.04,10.09,10.1,10.11,10.12,10.13,5593,12018,4971,6349,4176,1540,3425,3734,1563,1983
"sz",1,20141014,95248,10.09,2,44384,44,"B",10.08,10.07,10.06,10.05,10.04,10.09,10.1,10.11,10.12,10.13,5574,12068,4974,6349,4176,2168,3425,3734,1563,1983
"sz",1,20141014,95251,10.08,2,11092,11,"S",10.08,10.07,10.06,10.05,10.04,10.09,10.1,10.11,10.12,10.13,5650,12119,4976,6349,4176,2164,3425,3734,1563,1983
"sz",1,20141014,95253,10.09,1,4036,4,"B",10.08,10.07,10.06,10.05,10.04,10.09,10.1,10.11,10.12,10.13,5671,12119,4427,6349,4166,2160,3425,3734,1563,1983
"sz",1,20141014,95257,10.08,2,64560,64,"S",10.08,10.07,10.06,10.05,10.04,10.09,10.1,10.11,10.12,10.13,5689,12119,4465,6349,4166,2129,3425,3734,1563,1983
"sz",1,20141014,95300,10.08,5,269136,267,"S",10.08,10.07,10.06,10.05,10.04,10.09,10.1,10.11,10.12,10.13,5456,12129,4455,6349,4172,1887,3424,3734,1563,1983
"sz",1,20141014,95303,10.08,23,582988,578,"S",10.08,10.07,10.06,10.05,10.04,10.09,10.1,10.11,10.12,10.13,4825,12129,4455,6349,4172,2245,3424,3734,1563,1983
"sz",1,20141014,95306,10.08,2,183588,182,"S",10.08,10.07,10.06,10.05,10.04,10.09,10.1,10.11,10.12,10.13,4776,12129,4455,6349,4172,1997,3464,3734,1563,1983
"sz",1,20141014,95309,10.08,5,43924,44,"S",10.08,10.07,10.06,10.05,10.04,10.09,10.1,10.11,10.12,10.13,4782,12129,4455,6349,4172,1990,3514,3734,1563,1983
"sz",1,20141014,95312,10.08,2,10084,10,"S",10.08,10.07,10.06,10.05,10.04,10.09,10.1,10.11,10.12,10.13,4732,12129,4455,6349,4172,2185,3514,3734,1563,1983
"sz",1,20141014,95318,10.08,13,233264,231,"S",10.08,10.07,10.06,10.05,10.04,10.09,10.1,10.11,10.12,10.13,4490,12129,4465,6369,4272,2394,3515,3734,1563,1983
"sz",1,20141014,95321,10.09,1,12104,12,"B",10.08,10.07,10.06,10.05,10.04,10.09,10.1,10.11,10.12,10.13,4182,12129,4465,6369,4272,2388,3515,3734,1563,1983
"sz",1,20141014,95324,10.09,7,53436,53,"B",10.08,10.07,10.06,10.05,10.04,10.09,10.1,10.11,10.12,10.13,4122,12129,4510,6369,4272,2520,3515,3734,1563,1983
"sz",1,20141014,95327,10.08,2,25200,25,"S",10.08,10.07,10.06,10.05,10.04,10.09,10.1,10.11,10.12,10.13,4047,12129,4510,6369,4324,2520,3496,3734,1563,1983
"sz",1,20141014,95330,10.09,2,57512,57,"B",10.08,10.07,10.06,10.05,10.04,10.09,10.1,10.11,10.12,10.13,4022,12110,4510,6379,4324,2480,3512,3734,1563,1983
"sz",1,20141014,95333,10.08,2,11092,11,"S",10.08,10.07,10.06,10.05,10.04,10.09,10.1,10.11,10.12,10.13,4012,12110,4490,6383,4324,2479,3512,3734,1563,1983
"sz",1,20141014,95336,10.08,6,174384,173,"S",10.08,10.07,10.06,10.05,10.04,10.09,10.1,10.11,10.12,10.13,3894,12052,4490,6383,4324,2479,3512,3734,1563,1983
"sz",1,20141014,95337,10.09,1,2016,2,"B",10.08,10.07,10.06,10.05,10.04,10.09,10.1,10.11,10.12,10.13,3894,12082,4490,6383,4324,2477,3612,3734,1563,1983
"sz",1,20141014,95342,10.08,1,13104,13,"S",10.08,10.07,10.06,10.05,10.04,10.09,10.1,10.11,10.12,10.13,3891,12082,4490,6383,4325,2477,3612,3734,1563,1983
"sz",1,20141014,95345,10.09,2,16736,17,"B",10.08,10.07,10.06,10.05,10.04,10.09,10.1,10.11,10.12,10.13,3934,12082,4490,6383,4325,2465,3612,3734,1573,1983
"sz",1,20141014,95348,10.08,2,8688,9,"S",10.08,10.07,10.06,10.05,10.04,10.09,10.1,10.11,10.12,10.13,3940,12082,4490,6385,4348,2460,3612,3734,1473,1983
"sz",1,20141014,95351,10.09,1,6052,6,"B",10.08,10.07,10.06,10.05,10.04,10.09,10.1,10.11,10.12,10.13,3890,12107,4493,6385,4348,2454,3647,3734,1473,1983
"sz",1,20141014,95354,10.08,4,241924,240,"S",10.08,10.07,10.06,10.05,10.04,10.09,10.1,10.11,10.12,10.13,3653,12057,4493,6385,4378,2451,3697,3734,1473,1983
"sz",1,20141014,95357,10.09,6,81076,80,"B",10.08,10.07,10.06,10.05,10.04,10.09,10.1,10.11,10.12,10.13,3617,12057,4593,6385,4378,2416,3697,3734,1473,1983
"sz",1,20141014,95400,10.08,6,258048,256,"S",10.08,10.07,10.06,10.05,10.04,10.09,10.1,10.11,10.12,10.13,3361,12057,4593,6390,4383,2174,3455,3744,1473,1983
"sz",1,20141014,95402,10.08,3,15120,15,"S",10.08,10.07,10.06,10.05,10.04,10.09,10.1,10.11,10.12,10.13,3527,12048,4593,6390,4383,2511,3650,3744,1473,1983
"sz",1,20141014,95406,10.08,8,149316,148,"S",10.08,10.07,10.06,10.05,10.04,10.09,10.1,10.11,10.12,10.13,3507,12048,4593,6390,4383,2382,3670,3744,1473,1983
"sz",1,20141014,95409,10.09,2,11088,11,"B",10.08,10.07,10.06,10.05,10.04,10.09,10.1,10.11,10.12,10.13,3871,12038,4593,6390,4393,2381,3670,3744,1473,1983
"sz",1,20141014,95412,10.09,1,76684,76,"B",10.08,10.07,10.06,10.05,10.04,10.09,10.1,10.11,10.12,10.13,3861,12048,4593,6400,4393,2305,3670,3744,1473,1983
"sz",1,20141014,95415,10.08,3,20172,20,"S",10.08,10.07,10.06,10.05,10.04,10.09,10.1,10.11,10.12,10.13,3868,12048,4593,6400,4393,2293,3664,3744,1473,1983
"sz",1,20141014,95418,10.09,1,4036,4,"B",10.08,10.07,10.06,10.05,10.04,10.09,10.1,10.11,10.12,10.13,3852,12043,4593,6400,4393,2295,3664,3744,1473,1983
"sz",1,20141014,95421,10.09,12,201772,200,"B",10.08,10.07,10.06,10.05,10.04,10.09,10.1,10.11,10.12,10.13,3976,12043,4593,6458,4393,2288,3664,3744,1463,1983
"sz",1,20141014,95427,10.08,7,85680,85,"S",10.08,10.07,10.06,10.05,10.04,10.09,10.1,10.11,10.12,10.13,3882,11975,4593,6468,4393,2288,3674,3782,1463,2143
"sz",1,20141014,95433,10.09,4,29432,29,"B",10.08,10.07,10.06,10.05,10.04,10.09,10.1,10.11,10.12,10.13,3885,11975,4593,6568,4393,2294,3674,3782,1463,2143
"sz",1,20141014,95435,10.09,1,6056,6,"B",10.08,10.07,10.06,10.05,10.04,10.09,10.1,10.11,10.12,10.13,3905,11975,4593,6449,4393,2288,3674,3782,1463,2143
"sz",1,20141014,95439,10.09,1,11100,11,"B",10.08,10.07,10.06,10.05,10.04,10.09,10.1,10.11,10.12,10.13,4428,11975,4593,6449,4373,2278,3683,3782,1463,2137
"sz",1,20141014,95441,10.09,1,50448,50,"B",10.08,10.07,10.06,10.05,10.04,10.09,10.1,10.11,10.12,10.13,4439,11975,4593,6469,4373,2228,3683,3782,1463,2137
"sz",1,20141014,95444,10.08,9,229824,228,"S",10.08,10.07,10.06,10.05,10.04,10.09,10.1,10.11,10.12,10.13,4211,11975,4593,6469,4373,1986,3729,3782,1463,2137
"sz",1,20141014,95448,10.08,1,22176,22,"S",10.08,10.07,10.06,10.05,10.04,10.09,10.1,10.11,10.12,10.13,4189,11945,4593,6469,4373,2132,3746,3782,1463,2137
"sz",1,20141014,95449,10.08,2,14396,15,"S",10.08,10.07,10.06,10.05,10.04,10.09,10.1,10.11,10.12,10.13,4175,11941,4593,6469,4373,2360,3746,3782,1463,2137
"sz",1,20141014,95454,10.08,2,12104,12,"S",10.08,10.07,10.06,10.05,10.04,10.09,10.1,10.11,10.12,10.13,4177,11941,4593,6470,4373,2351,3746,3782,1463,2137
"sz",1,20141014,95456,10.08,27,546528,542,"S",10.08,10.07,10.06,10.05,10.04,10.09,10.1,10.11,10.12,10.13,3635,11941,4593,6470,4373,2361,3746,3782,1463,2137
"sz",1,20141014,95500,10.09,4,48392,48,"B",10.08,10.07,10.06,10.05,10.04,10.09,10.1,10.11,10.12,10.13,3732,11941,4593,6428,4376,2332,3746,3782,1463,2137
"sz",1,20141014,95503,10.08,10,60624,60,"S",10.08,10.07,10.06,10.05,10.04,10.09,10.1,10.11,10.12,10.13,3663,11948,4585,6428,4376,2292,3732,3782,1493,2137
"sz",1,20141014,95506,10.08,5,174516,173,"S",10.08,10.07,10.06,10.05,10.04,10.09,10.1,10.11,10.12,10.13,3684,11938,4640,6428,4376,2163,3732,3782,1493,2137
"sz",1,20141014,95509,10.08,4,102816,102,"S",10.08,10.07,10.06,10.05,10.04,10.09,10.1,10.11,10.12,10.13,3587,11938,4640,6428,4376,2163,3732,3782,1493,2137
"sz",1,20141014,95511,10.08,4,29464,29,"S",10.08,10.07,10.06,10.05,10.04,10.09,10.1,10.11,10.12,10.13,3560,11941,4640,6428,4376,2163,3732,3782,1493,2137
"sz",1,20141014,95515,10.08,2,143136,142,"S",10.08,10.07,10.06,10.05,10.04,10.09,10.1,10.11,10.12,10.13,3439,11941,4622,6428,4376,2163,3732,3782,1503,2137
"sz",1,20141014,95517,10.08,1,12096,12,"S",10.08,10.07,10.06,10.05,10.04,10.09,10.1,10.11,10.12,10.13,3114,11941,4622,6428,4376,2163,3732,3782,1503,2137
"sz",1,20141014,95520,10.09,2,6052,6,"B",10.08,10.07,10.06,10.05,10.04,10.09,10.1,10.11,10.12,10.13,3090,11941,4623,6428,4376,2157,3732,3782,1503,2137
"sz",1,20141014,95524,10.08,5,75600,75,"S",10.08,10.07,10.06,10.05,10.04,10.09,10.1,10.11,10.12,10.13,3016,11941,4623,6428,4376,2157,3722,3782,1503,2137
"sz",1,20141014,95526,10.08,6,33476,33,"S",10.08,10.07,10.06,10.05,10.04,10.09,10.1,10.11,10.12,10.13,3019,11941,4623,6428,4376,2147,3722,3782,1503,2137
"sz",1,20141014,95529,10.08,7,243936,242,"S",10.08,10.07,10.06,10.05,10.04,10.09,10.1,10.11,10.12,10.13,2777,11957,4623,6428,4376,1920,3708,3782,1433,2137
"sz",1,20141014,95533,10.08,4,80640,80,"S",10.08,10.07,10.06,10.05,10.04,10.09,10.1,10.11,10.12,10.13,2700,11957,4623,6428,4376,1953,3681,3782,1433,2137
"sz",1,20141014,95536,10.08,8,67456,67,"S",10.08,10.07,10.06,10.05,10.04,10.09,10.1,10.11,10.12,10.13,2684,11957,4633,6428,4376,1953,3741,3782,1433,2137
"sz",1,20141014,95539,10.08,3,8068,8,"S",10.08,10.07,10.06,10.05,10.04,10.09,10.1,10.11,10.12,10.13,2678,11947,4633,6492,4376,1951,3741,3782,1433,2137
"sz",1,20141014,95545,10.09,13,197576,196,"B",10.08,10.07,10.06,10.05,10.04,10.09,10.1,10.11,10.12,10.13,2492,11922,4633,6514,4376,2188,3791,3782,1433,2187
"sz",1,20141014,95551,10.08,7,139708,139,"S",10.08,10.07,10.06,10.05,10.04,10.09,10.1,10.11,10.12,10.13,2372,11942,4633,6939,4364,2230,3801,3782,1438,2187
"sz",1,20141014,95554,10.08,1,5040,5,"S",10.08,10.07,10.06,10.05,10.04,10.09,10.1,10.11,10.12,10.13,2372,11942,4633,6939,4364,2261,3801,3782,1438,2187
"sz",1,20141014,95557,10.08,2,21168,21,"S",10.08,10.07,10.06,10.05,10.04,10.09,10.1,10.11,10.12,10.13,2381,11942,4633,6939,4364,2281,3806,3782,1438,2187
"sz",1,20141014,95600,10.08,10,111292,110,"S",10.08,10.07,10.06,10.05,10.04,10.09,10.1,10.11,10.12,10.13,2336,11942,4633,6939,4364,2285,3806,3782,1438,2187
"sz",1,20141014,95606,10.08,7,170616,169,"S",10.08,10.07,10.06,10.05,10.04,10.09,10.1,10.11,10.12,10.13,2349,11942,4633,6939,4370,2172,3806,3782,1438,2197
"sz",1,20141014,95609,10.08,1,232,1,"S",10.08,10.07,10.06,10.05,10.04,10.09,10.1,10.11,10.12,10.13,2349,11942,4633,6954,4370,2172,3886,3782,1438,2207
"sz",1,20141014,95612,10.08,1,12096,12,"S",10.08,10.07,10.06,10.05,10.04,10.09,10.1,10.11,10.12,10.13,2406,11940,4633,6954,4370,2172,3886,3782,1438,2207
"sz",1,20141014,95614,10.08,6,25200,25,"S",10.08,10.07,10.06,10.05,10.04,10.09,10.1,10.11,10.12,10.13,2381,11940,4633,6954,4370,2172,3886,3782,1438,2207
"sz",1,20141014,95617,10.09,2,5044,5,"B",10.08,10.07,10.06,10.05,10.04,10.09,10.1,10.11,10.12,10.13,2377,11940,4633,6954,4370,2167,3886,3782,1438,2207
"sz",1,20141014,95621,10.09,1,10088,10,"B",10.08,10.07,10.06,10.05,10.04,10.09,10.1,10.11,10.12,10.13,2377,11950,4633,6950,4370,2137,3886,3782,1438,2207
"sz",1,20141014,95623,10.08,7,70580,70,"S",10.08,10.07,10.06,10.05,10.04,10.09,10.1,10.11,10.12,10.13,2327,11950,4638,6923,4370,2117,3886,3782,1438,2207
"sz",1,20141014,95627,10.09,1,4036,4,"B",10.08,10.07,10.06,10.05,10.04,10.09,10.1,10.11,10.12,10.13,2323,11950,4638,6923,4370,2155,3886,3782,1438,2207
"sz",1,20141014,95630,10.08,15,237888,236,"S",10.08,10.07,10.06,10.05,10.04,10.09,10.1,10.11,10.12,10.13,2189,11955,4638,6923,4370,2155,3790,3782,1422,2207
"sz",1,20141014,95632,10.09,3,31280,31,"B",10.08,10.07,10.06,10.05,10.04,10.09,10.1,10.11,10.12,10.13,2189,11955,4678,6924,4370,2124,4027,3782,1422,2207
"sz",1,20141014,95635,10.08,2,20164,20,"S",10.08,10.07,10.06,10.05,10.04,10.09,10.1,10.11,10.12,10.13,2181,11955,4678,6924,4370,2133,4027,3782,1422,2207
"sz",1,20141014,95639,10.08,3,4352,4,"S",10.08,10.07,10.06,10.05,10.04,10.09,10.1,10.11,10.12,10.13,2202,11955,4678,6934,4370,2149,4027,3782,1422,2207
"sz",1,20141014,95645,10.08,1,39312,39,"S",10.08,10.07,10.06,10.05,10.04,10.09,10.1,10.11,10.12,10.13,2223,11953,4688,6924,4370,2190,4027,3782,1432,2207
"sz",1,20141014,95648,10.08,7,42336,42,"S",10.08,10.07,10.06,10.05,10.04,10.09,10.1,10.11,10.12,10.13,2191,11955,4688,6924,4590,2157,4028,3792,1432,2207
"sz",1,20141014,95650,10.08,2,30264,30,"S",10.08,10.07,10.06,10.05,10.04,10.09,10.1,10.11,10.12,10.13,2285,11955,4688,6924,4590,2133,4028,3792,1432,2207
"sz",1,20141014,95654,10.08,7,604800,600,"S",10.08,10.07,10.06,10.05,10.04,10.09,10.1,10.11,10.12,10.13,1685,11957,4688,6927,4590,2133,4028,3792,1362,2207
"sz",1,20141014,95657,10.09,4,22192,22,"B",10.08,10.07,10.06,10.05,10.04,10.09,10.1,10.11,10.12,10.13,1678,11957,4688,6947,4590,2118,4028,3792,1362,2207
"sz",1,20141014,95700,10.08,2,48384,48,"S",10.08,10.07,10.06,10.05,10.04,10.09,10.1,10.11,10.12,10.13,1655,11957,4688,6947,4590,2118,4028,3792,1362,2207
"sz",1,20141014,95705,10.09,4,130160,129,"B",10.08,10.07,10.06,10.05,10.04,10.09,10.1,10.11,10.12,10.13,1653,11957,4708,6955,4585,1989,4028,3792,1362,2207
"sz",1,20141014,95709,10.08,2,5272,5,"S",10.08,10.07,10.06,10.05,10.04,10.09,10.1,10.11,10.12,10.13,1780,11907,4708,6955,4585,1948,4028,3792,1362,2207
"sz",1,20141014,95712,10.08,10,403212,400,"S",10.08,10.07,10.06,10.05,10.04,10.09,10.1,10.11,10.12,10.13,1527,11907,4708,6955,4585,3054,4028,3792,1362,2207
"sz",1,20141014,95715,10.08,2,239036,237,"S",10.08,10.07,10.06,10.05,10.04,10.09,10.1,10.11,10.12,10.13,1293,11907,4708,6955,4585,2807,4108,3792,1362,2207
"sz",1,20141014,95717,10.09,1,4040,4,"B",10.08,10.07,10.06,10.05,10.04,10.09,10.1,10.11,10.12,10.13,1325,11907,4708,6965,4585,2803,4108,3792,1362,2207
"sz",1,20141014,95721,10.08,3,46368,46,"S",10.08,10.07,10.06,10.05,10.04,10.09,10.1,10.11,10.12,10.13,1279,11907,4708,6965,4634,3031,4108,3792,1362,2207
"sz",1,20141014,95723,10.09,18,304416,302,"B",10.08,10.07,10.06,10.05,10.04,10.09,10.1,10.11,10.12,10.13,979,11887,4708,6965,4634,3029,4108,3792,1362,2207
"sz",1,20141014,95727,10.08,1,24192,24,"S",10.08,10.07,10.06,10.05,10.04,10.09,10.1,10.11,10.12,10.13,1960,11887,4408,6965,4634,3029,4108,3792,1362,2207
"sz",1,20141014,95730,10.09,2,11100,11,"B",10.08,10.07,10.06,10.05,10.04,10.09,10.1,10.11,10.12,10.13,1960,11886,4408,6965,4634,3018,4108,3784,1410,2207
"sz",1,20141014,95733,10.09,9,251200,249,"B",10.08,10.07,10.06,10.05,10.04,10.09,10.1,10.11,10.12,10.13,1946,11886,4408,6965,4634,2842,4075,3784,1410,2207
"sz",1,20141014,95738,10.08,1,22176,22,"S",10.08,10.07,10.06,10.05,10.04,10.09,10.1,10.11,10.12,10.13,1938,11886,4408,6965,4634,2842,4082,3830,1410,2207
"sz",1,20141014,95742,10.09,165,9672172,9603,"B",10.08,10.07,10.06,10.05,10.04,10.09,10.1,10.11,10.12,10.13,18,4434,4408,6965,4644,2839,4082,3830,1410,2207
"sz",1,20141014,95744,10.08,2,20160,20,"S",10.08,10.07,10.06,10.05,10.04,10.09,10.1,10.11,10.12,10.13,3,4434,4408,6965,4644,2839,4082,3830,1410,2207
"sz",1,20141014,95748,10.08,4,115824,115,"S",10.07,10.06,10.05,10.04,10.03,10.08,10.09,10.1,10.11,10.12,4332,4408,7065,4654,3396,188,2695,4082,3830,1410
"sz",1,20141014,95751,10.07,1,12080,12,"S",10.07,10.06,10.05,10.04,10.03,10.08,10.09,10.1,10.11,10.12,4324,4408,7065,4735,3396,218,2736,4082,3830,1410
"sz",1,20141014,95756,10.08,1,26208,26,"B",10.07,10.06,10.05,10.04,10.03,10.08,10.09,10.1,10.11,10.12,4316,4408,7065,4735,3396,261,2736,4097,3830,1410
"sz",1,20141014,95800,10.08,2,255784,254,"B",10.07,10.06,10.05,10.04,10.03,10.08,10.09,10.1,10.11,10.12,4089,4418,7080,4755,3396,284,2746,3850,3830,1410
"sz",1,20141014,95803,10.08,2,1240,2,"B",10.07,10.06,10.05,10.04,10.03,10.08,10.09,10.1,10.11,10.12,3889,4418,7085,4755,3396,316,2713,3850,3830,1410
"sz",1,20141014,95805,10.08,2,130032,129,"B",10.07,10.06,10.05,10.04,10.03,10.08,10.09,10.1,10.11,10.12,3894,4418,7146,4755,3396,187,2723,3850,3830,1410
"sz",1,20141014,95809,10.08,2,14112,14,"B",10.07,10.06,10.05,10.04,10.03,10.08,10.09,10.1,10.11,10.12,3907,4468,7146,4755,3396,173,2728,4078,3830,1410
"sz",1,20141014,95811,10.08,7,78624,78,"B",10.07,10.06,10.05,10.04,10.03,10.08,10.09,10.1,10.11,10.12,4907,4468,7146,4755,3396,95,2732,4078,3830,1410
"sz",1,20141014,95814,10.07,2,45320,45,"S",10.07,10.06,10.05,10.04,10.03,10.08,10.09,10.1,10.11,10.12,4864,4868,7146,4755,3396,400,2764,3850,3780,1410
"sz",1,20141014,95818,10.08,3,30368,30,"B",10.07,10.06,10.05,10.04,10.03,10.08,10.09,10.1,10.11,10.12,5167,4868,7096,4755,3396,370,2764,3870,3780,1410
"sz",1,20141014,95821,10.07,5,60480,60,"S",10.07,10.06,10.05,10.04,10.03,10.08,10.09,10.1,10.11,10.12,5166,4898,7096,4750,3396,305,2764,3870,3780,1410
"sz",1,20141014,95824,10.07,3,32232,32,"S",10.07,10.06,10.05,10.04,10.03,10.08,10.09,10.1,10.11,10.12,5162,4928,7096,4750,3396,293,2764,3870,3780,1410
"sz",1,20141014,95830,10.07,4,134968,134,"S",10.07,10.06,10.05,10.04,10.03,10.08,10.09,10.1,10.11,10.12,5084,5038,7106,4750,3396,301,2564,3870,3780,1410
"sz",1,20141014,95832,10.07,5,33104,33,"S",10.07,10.06,10.05,10.04,10.03,10.08,10.09,10.1,10.11,10.12,5100,5048,7106,4750,3396,272,2564,3870,3768,1410
"sz",1,20141014,95839,10.08,2,37296,37,"B",10.07,10.06,10.05,10.04,10.03,10.08,10.09,10.1,10.11,10.12,5161,5041,7135,4750,3396,235,2558,3870,3768,1410
"sz",1,20141014,95840,10.08,1,2016,2,"B",10.07,10.06,10.05,10.04,10.03,10.08,10.09,10.1,10.11,10.12,5161,5041,7135,4750,3396,233,2558,4877,3768,1410
"sz",1,20141014,95845,10.08,2,16128,16,"B",10.07,10.06,10.05,10.04,10.03,10.08,10.09,10.1,10.11,10.12,5161,5041,7135,4750,3446,817,2558,4879,3768,1410
"sz",1,20141014,95848,10.07,2,51352,51,"S",10.07,10.06,10.05,10.04,10.03,10.08,10.09,10.1,10.11,10.12,5110,5041,7135,4760,3446,849,2526,4879,3768,1410
"sz",1,20141014,95851,10.07,2,15112,15,"S",10.07,10.06,10.05,10.04,10.03,10.08,10.09,10.1,10.11,10.12,5127,5047,7135,4760,3439,848,2537,4879,3768,1410
"sz",1,20141014,95854,10.08,3,26208,26,"B",10.07,10.06,10.05,10.04,10.03,10.08,10.09,10.1,10.11,10.12,5107,5047,7165,4760,3459,822,2537,4879,3768,1420
"sz",1,20141014,95857,10.08,4,21160,21,"B",10.07,10.06,10.05,10.04,10.03,10.08,10.09,10.1,10.11,10.12,5148,5057,7288,4760,3459,805,2537,4879,3768,1420
"sz",1,20141014,95900,10.08,1,10080,10,"B",10.07,10.06,10.05,10.04,10.03,10.08,10.09,10.1,10.11,10.12,5384,5067,7288,4790,3459,795,2537,4879,3768,1420
"sz",1,20141014,95906,10.08,4,131040,130,"B",10.07,10.06,10.05,10.04,10.03,10.08,10.09,10.1,10.11,10.12,5395,5081,7298,4790,3461,695,2304,4879,3768,1420
"sz",1,20141014,95909,10.07,1,232,0,"B",10.07,10.06,10.05,10.04,10.03,10.08,10.09,10.1,10.11,10.12,5413,5091,7298,4790,3461,923,2594,4879,3768,1425
"sz",1,20141014,95911,10.08,6,414232,411,"B",10.07,10.06,10.05,10.04,10.03,10.08,10.09,10.1,10.11,10.12,5357,5091,7313,4790,3466,568,2594,4879,3768,1425
"sz",1,20141014,95915,10.08,1,2016,2,"B",10.07,10.06,10.05,10.04,10.03,10.08,10.09,10.1,10.11,10.12,5360,5096,7315,4791,3466,581,2552,4929,3758,1425
"sz",1,20141014,95918,10.08,2,2160,2,"B",10.07,10.06,10.05,10.04,10.03,10.08,10.09,10.1,10.11,10.12,5407,5046,7319,4791,3474,579,2548,4929,3758,1425
"sz",1,20141014,95921,10.08,7,95752,95,"B",10.07,10.06,10.05,10.04,10.03,10.08,10.09,10.1,10.11,10.12,5500,5046,7324,4791,3474,489,2548,5049,3758,1425
"sz",1,20141014,95923,10.08,2,25200,25,"B",10.07,10.06,10.05,10.04,10.03,10.08,10.09,10.1,10.11,10.12,5513,5078,7324,4791,3474,464,2548,5049,3758,1425
"sz",1,20141014,95927,10.08,2,39312,39,"B",10.07,10.06,10.05,10.04,10.03,10.08,10.09,10.1,10.11,10.12,5518,5081,7324,4791,3474,425,2548,5049,3758,1425
"sz",1,20141014,95929,10.08,1,3024,3,"B",10.07,10.06,10.05,10.04,10.03,10.08,10.09,10.1,10.11,10.12,5725,5091,7324,4791,3474,422,2548,5049,3758,1425
"sz",1,20141014,95933,10.08,1,10080,10,"B",10.07,10.06,10.05,10.04,10.03,10.08,10.09,10.1,10.11,10.12,5727,5132,7329,4791,3474,412,2548,5049,3758,1425
"sz",1,20141014,95939,10.08,1,2016,2,"B",10.07,10.06,10.05,10.04,10.03,10.08,10.09,10.1,10.11,10.12,5727,5132,7329,4791,3474,539,2558,5049,3758,1425
"sz",1,20141014,95944,10.07,3,296056,294,"S",10.07,10.06,10.05,10.04,10.03,10.08,10.09,10.1,10.11,10.12,5436,5216,7329,4791,3484,313,2508,5055,3758,1425
"sz",1,20141014,95948,10.08,4,95696,95,"B",10.07,10.06,10.05,10.04,10.03,10.08,10.09,10.1,10.11,10.12,5354,5216,7329,4791,3484,280,2508,5055,3758,1425
"sz",1,20141014,95951,10.08,1,10080,10,"B",10.07,10.06,10.05,10.04,10.03,10.08,10.09,10.1,10.11,10.12,5355,5216,7329,4791,3534,292,2508,5055,3758,1425
"sz",1,20141014,95954,10.08,3,64512,64,"B",10.07,10.06,10.05,10.04,10.03,10.08,10.09,10.1,10.11,10.12,5392,5216,7329,4791,3534,239,2508,5095,3758,1425
"sz",1,20141014,95957,10.08,11,189504,188,"B",10.07,10.06,10.05,10.04,10.03,10.08,10.09,10.1,10.11,10.12,5447,5216,7329,4791,3534,51,2508,5095,3758,1425
"sz",1,20141014,1e+05,10.08,5,290312,288,"B",10.08,10.07,10.06,10.05,10.04,10.09,10.1,10.11,10.12,10.13,711,5452,5216,7329,4791,2508,5095,3758,1425,3099
"sz",1,20141014,100003,10.08,1,100800,100,"S",10.08,10.07,10.06,10.05,10.04,10.09,10.1,10.11,10.12,10.13,667,5494,5216,7339,4791,2508,5095,3758,1436,3099
"sz",1,20141014,100005,10.09,1,130160,129,"B",10.08,10.07,10.06,10.05,10.04,10.09,10.1,10.11,10.12,10.13,669,5695,5242,7347,4791,2379,5095,3758,1436,3099
"sz",1,20141014,100009,10.08,2,8296,8,"S",10.08,10.07,10.06,10.05,10.04,10.09,10.1,10.11,10.12,10.13,667,5695,5242,7357,4791,2379,5095,3758,1436,3099
"sz",1,20141014,100015,10.09,2,8072,8,"B",10.08,10.07,10.06,10.05,10.04,10.09,10.1,10.11,10.12,10.13,672,5734,5242,7357,4793,2374,5120,3758,1436,3099
"sz",1,20141014,100018,10.08,1,10080,10,"S",10.08,10.07,10.06,10.05,10.04,10.09,10.1,10.11,10.12,10.13,678,5735,5242,7357,4793,2374,5120,3758,1436,3099
"sz",1,20141014,100023,10.08,2,13432,14,"S",10.08,10.07,10.06,10.05,10.04,10.09,10.1,10.11,10.12,10.13,686,5697,5247,7362,4793,2374,5120,3758,1436,3099
"sz",1,20141014,100027,10.09,2,15128,15,"B",10.08,10.07,10.06,10.05,10.04,10.09,10.1,10.11,10.12,10.13,671,5697,5267,7362,4823,2369,5451,3758,1436,3099
"sz",1,20141014,100033,10.08,4,45360,45,"S",10.08,10.07,10.06,10.05,10.04,10.09,10.1,10.11,10.12,10.13,626,5716,5267,7367,4879,2369,5451,3758,1436,3129
"sz",1,20141014,100038,10.09,1,1008,1,"B",10.08,10.07,10.06,10.05,10.04,10.09,10.1,10.11,10.12,10.13,650,5716,5272,7067,4879,2368,5451,3758,1436,3129
"sz",1,20141014,100042,10.08,3,129032,128,"S",10.08,10.07,10.06,10.05,10.04,10.09,10.1,10.11,10.12,10.13,598,5792,5272,7534,4879,2356,5461,3758,1436,3129
"sz",1,20141014,100044,10.08,1,201600,200,"S",10.08,10.07,10.06,10.05,10.04,10.09,10.1,10.11,10.12,10.13,411,5812,5322,7534,4879,2356,5461,3758,1436,3129
"sz",1,20141014,100048,10.09,4,225824,224,"B",10.08,10.07,10.06,10.05,10.04,10.09,10.1,10.11,10.12,10.13,216,5812,5322,7544,4879,2332,5709,3758,1436,3129
"sz",1,20141014,100051,10.08,3,45360,45,"S",10.08,10.07,10.06,10.05,10.04,10.09,10.1,10.11,10.12,10.13,171,5812,5372,7549,4879,2332,5699,3758,1436,3129
"sz",1,20141014,100053,10.08,2,10080,10,"S",10.08,10.07,10.06,10.05,10.04,10.09,10.1,10.11,10.12,10.13,166,5812,5378,7549,4879,2332,5819,3758,1436,3129
"sz",1,20141014,100057,10.08,6,20160,20,"S",10.08,10.07,10.06,10.05,10.04,10.09,10.1,10.11,10.12,10.13,143,5812,5367,7549,4879,2332,5828,3758,1436,3129
"sz",1,20141014,100059,10.09,3,14112,14,"B",10.08,10.07,10.06,10.05,10.04,10.09,10.1,10.11,10.12,10.13,136,5812,5367,7549,4879,2325,5828,3639,1436,3129
"sz",1,20141014,100106,10.08,6,140048,138,"S",10.08,10.07,10.06,10.05,10.04,10.09,10.1,10.11,10.12,10.13,156,5906,5390,7604,4877,2191,5938,3639,1436,3129
"sz",1,20141014,100109,10.09,3,38576,39,"B",10.08,10.07,10.06,10.05,10.04,10.09,10.1,10.11,10.12,10.13,169,5917,5390,7604,4877,2153,6057,3639,1436,3197
"sz",1,20141014,100111,10.08,1,8464,8,"S",10.08,10.07,10.06,10.05,10.04,10.09,10.1,10.11,10.12,10.13,161,5917,5390,7604,4877,2153,6057,3639,1436,3197
"sz",1,20141014,100120,10.09,2,10232,10,"B",10.08,10.07,10.06,10.05,10.04,10.09,10.1,10.11,10.12,10.13,692,6117,5390,7606,4927,2143,6057,3639,1436,3197
"sz",1,20141014,100123,10.09,1,23208,23,"B",10.08,10.07,10.06,10.05,10.04,10.09,10.1,10.11,10.12,10.13,1337,6122,5408,7606,4927,2120,6090,3639,1436,3197
"sz",1,20141014,100127,10.09,2,36320,36,"B",10.08,10.07,10.06,10.05,10.04,10.09,10.1,10.11,10.12,10.13,1349,6122,5408,7606,4927,2084,6090,3639,1428,3197
"sz",1,20141014,100130,10.08,20,234864,233,"S",10.08,10.07,10.06,10.05,10.04,10.09,10.1,10.11,10.12,10.13,1136,6172,5408,7606,4897,2084,5857,3639,1428,3197
"sz",1,20141014,100133,10.08,4,64536,64,"S",10.08,10.07,10.06,10.05,10.04,10.09,10.1,10.11,10.12,10.13,1100,6172,5408,7606,4897,2062,5824,3639,1428,3189
"sz",1,20141014,100139,10.09,7,381400,378,"B",10.08,10.07,10.06,10.05,10.04,10.09,10.1,10.11,10.12,10.13,1116,6279,5413,7676,4897,1841,6057,3639,1428,3189
"sz",1,20141014,100145,10.09,1,2024,2,"B",10.08,10.07,10.06,10.05,10.04,10.09,10.1,10.11,10.12,10.13,1121,6279,5413,7676,4897,1839,6067,3639,1428,3189
"sz",1,20141014,100148,10.08,4,72008,72,"S",10.08,10.07,10.06,10.05,10.04,10.09,10.1,10.11,10.12,10.13,1050,6289,5413,7726,4892,1829,6067,3639,1428,3189
"sz",1,20141014,100151,10.09,4,38016,37,"B",10.08,10.07,10.06,10.05,10.04,10.09,10.1,10.11,10.12,10.13,1036,6289,5410,7726,4892,1799,6067,3639,1428,3189
"sz",1,20141014,100154,10.09,13,208856,207,"B",10.08,10.07,10.06,10.05,10.04,10.09,10.1,10.11,10.12,10.13,1136,6289,5427,7726,4892,1592,6067,3639,1428,3189
"sz",1,20141014,100157,10.08,2,27216,27,"S",10.08,10.07,10.06,10.05,10.04,10.09,10.1,10.11,10.12,10.13,1109,6289,5447,7726,4892,1682,6117,3639,1428,3189
"sz",1,20141014,100200,10.09,2,32280,32,"B",10.08,10.07,10.06,10.05,10.04,10.09,10.1,10.11,10.12,10.13,1100,6289,5447,7726,4892,1716,6117,3639,1428,3199
"sz",1,20141014,100202,10.09,1,20184,20,"B",10.08,10.07,10.06,10.05,10.04,10.09,10.1,10.11,10.12,10.13,1103,6292,5497,7726,4892,1696,6117,3639,1428,3199
"sz",1,20141014,100206,10.09,2,150336,149,"B",10.08,10.07,10.06,10.05,10.04,10.09,10.1,10.11,10.12,10.13,1128,6292,5497,7726,4892,1547,6108,3639,1428,3199
"sz",1,20141014,100209,10.09,2,14120,14,"B",10.08,10.07,10.06,10.05,10.04,10.09,10.1,10.11,10.12,10.13,1124,6312,5497,7736,4892,1660,6108,3639,1428,3199
"sz",1,20141014,100212,10.09,3,7296,7,"B",10.08,10.07,10.06,10.05,10.04,10.09,10.1,10.11,10.12,10.13,1144,6302,5497,7736,4892,1653,6127,3639,1428,3199
"sz",1,20141014,100215,10.09,1,20176,20,"B",10.08,10.07,10.06,10.05,10.04,10.09,10.1,10.11,10.12,10.13,1244,6314,5497,7736,4892,1633,6136,3639,1428,3199
"sz",1,20141014,100218,10.08,2,15248,16,"S",10.08,10.07,10.06,10.05,10.04,10.09,10.1,10.11,10.12,10.13,1229,6324,5497,7736,4892,1636,6136,3639,1428,3199
"sz",1,20141014,100223,10.09,1,10096,10,"B",10.08,10.07,10.06,10.05,10.04,10.09,10.1,10.11,10.12,10.13,1365,6464,5497,7736,4892,1626,6136,3639,1428,3199
"sz",1,20141014,100227,10.09,1,5040,5,"B",10.08,10.07,10.06,10.05,10.04,10.09,10.1,10.11,10.12,10.13,1395,6623,5535,7736,4892,1617,6136,3639,1428,3199
"sz",1,20141014,100229,10.08,25,1251936,1242,"S",10.08,10.07,10.06,10.05,10.04,10.09,10.1,10.11,10.12,10.13,153,6700,5535,7739,4892,1617,5903,3639,1428,3199
"sz",1,20141014,100233,10.08,2,10088,10,"S",10.08,10.07,10.06,10.05,10.04,10.09,10.1,10.11,10.12,10.13,168,6701,5530,7739,4892,1612,6164,3639,1428,3199
"sz",1,20141014,100236,10.09,1,22200,22,"B",10.08,10.07,10.06,10.05,10.04,10.09,10.1,10.11,10.12,10.13,184,6701,5557,7739,5014,1590,6164,3639,1428,3199
"sz",1,20141014,100239,10.09,1,4032,4,"B",10.08,10.07,10.06,10.05,10.04,10.09,10.1,10.11,10.12,10.13,194,6711,5607,7749,5014,1586,6164,3639,1428,3199
"sz",1,20141014,100241,10.08,1,10080,10,"S",10.08,10.07,10.06,10.05,10.04,10.09,10.1,10.11,10.12,10.13,184,6711,5607,7749,5021,1616,6164,3639,1428,3199
"sz",1,20141014,100245,10.08,1,46368,46,"S",10.08,10.07,10.06,10.05,10.04,10.09,10.1,10.11,10.12,10.13,144,6711,5607,7749,5040,1617,6164,3639,1428,3199
"sz",1,20141014,100247,10.09,2,6984,7,"B",10.08,10.07,10.06,10.05,10.04,10.09,10.1,10.11,10.12,10.13,151,6761,5627,7749,5040,1612,6164,3639,1428,3199
"sz",1,20141014,100254,10.08,15,244856,242,"S",10.07,10.06,10.05,10.04,10.03,10.08,10.09,10.1,10.11,10.12,6704,5627,7749,5040,3683,770,1660,6155,3639,1428
"sz",1,20141014,100302,10.07,1,232,1,"S",10.07,10.06,10.05,10.04,10.03,10.08,10.09,10.1,10.11,10.12,6710,5627,7766,5040,3683,810,1660,6065,3639,3428
"sz",1,20141014,100306,10.08,3,162288,161,"B",10.07,10.06,10.05,10.04,10.03,10.08,10.09,10.1,10.11,10.12,6725,5627,7786,5040,3683,681,1660,6055,3639,3428
"sz",1,20141014,100309,10.08,7,834968,829,"B",10.07,10.06,10.05,10.04,10.03,10.08,10.09,10.1,10.11,10.12,5844,5621,7837,5040,3683,663,1660,6055,3639,3428
"sz",1,20141014,100315,10.07,1,262832,261,"S",10.07,10.06,10.05,10.04,10.03,10.08,10.09,10.1,10.11,10.12,5771,5741,7852,5040,3683,745,1940,5794,3639,3428
"sz",1,20141014,100318,10.07,2,34240,34,"S",10.07,10.06,10.05,10.04,10.03,10.08,10.09,10.1,10.11,10.12,5770,5756,7862,5040,3683,711,1940,5794,3639,3428
"sz",1,20141014,100321,10.08,2,15120,15,"B",10.07,10.06,10.05,10.04,10.03,10.08,10.09,10.1,10.11,10.12,5869,5756,7872,5040,3683,801,1929,6041,3639,3428
"sz",1,20141014,100324,10.08,5,1051344,1044,"B",10.07,10.06,10.05,10.04,10.03,10.08,10.09,10.1,10.11,10.12,4916,5756,7872,5050,3683,1768,1939,6041,3639,3428
"sz",1,20141014,100326,10.08,1,5040,5,"B",10.07,10.06,10.05,10.04,10.03,10.08,10.09,10.1,10.11,10.12,4930,5756,7877,5050,3683,1763,1939,6041,3690,3428
"sz",1,20141014,100330,10.08,1,3024,3,"B",10.07,10.06,10.05,10.04,10.03,10.08,10.09,10.1,10.11,10.12,4943,5756,7877,5050,3683,1988,1939,5816,3690,3428
"sz",1,20141014,100333,10.08,1,5040,5,"B",10.07,10.06,10.05,10.04,10.03,10.08,10.09,10.1,10.11,10.12,5011,5756,7777,5050,3683,1983,1939,5816,3690,3428
"sz",1,20141014,100336,10.08,1,5040,5,"B",10.07,10.06,10.05,10.04,10.03,10.08,10.09,10.1,10.11,10.12,5085,5756,7777,5080,3683,1988,1938,5816,3690,3428
"sz",1,20141014,100337,10.08,1,5040,5,"B",10.07,10.06,10.05,10.04,10.03,10.08,10.09,10.1,10.11,10.12,5085,5756,7777,5080,3683,1983,1944,5816,3690,3428
"sz",1,20141014,100342,10.08,4,182432,181,"B",10.07,10.06,10.05,10.04,10.03,10.08,10.09,10.1,10.11,10.12,5070,5749,7777,5080,3683,1826,1944,6489,3690,3428
"sz",1,20141014,100345,10.08,1,2016,2,"B",10.07,10.06,10.05,10.04,10.03,10.08,10.09,10.1,10.11,10.12,5056,5739,7779,5080,3683,1842,1944,6489,3690,3428
"sz",1,20141014,100348,10.07,4,18128,18,"S",10.07,10.06,10.05,10.04,10.03,10.08,10.09,10.1,10.11,10.12,5051,5739,7679,5080,3683,1868,1912,6489,3690,3428
"sz",1,20141014,100351,10.08,1,2016,2,"B",10.07,10.06,10.05,10.04,10.03,10.08,10.09,10.1,10.11,10.12,5065,5768,7679,5080,3683,1866,1912,6489,3690,3428
"sz",1,20141014,100354,10.08,60,1109792,1102,"B",10.07,10.06,10.05,10.04,10.03,10.08,10.09,10.1,10.11,10.12,4044,5778,7690,5080,3683,1794,1912,6544,3690,3428
"sz",1,20141014,100403,10.07,2,50344,50,"S",10.07,10.06,10.05,10.04,10.03,10.08,10.09,10.1,10.11,10.12,4033,5779,7551,5064,3684,1821,1948,6544,3690,3428
"sz",1,20141014,100405,10.07,4,186440,185,"S",10.07,10.06,10.05,10.04,10.03,10.08,10.09,10.1,10.11,10.12,3988,5779,7561,5064,3684,2952,1948,6544,3690,3428
"sz",1,20141014,100409,10.08,2,6048,6,"B",10.07,10.06,10.05,10.04,10.03,10.08,10.09,10.1,10.11,10.12,4174,5789,7561,5064,3684,2946,1948,6547,3690,3428
"sz",1,20141014,100409,10.07,1,243688,242,"S",10.07,10.06,10.05,10.04,10.03,10.08,10.09,10.1,10.11,10.12,3932,5789,7561,5064,3684,2946,1948,6547,3690,3428
"sz",1,20141014,100415,10.07,1,9064,9,"S",10.07,10.06,10.05,10.04,10.03,10.08,10.09,10.1,10.11,10.12,3994,5784,7561,5064,3684,2946,1948,6597,3690,3428
"sz",1,20141014,100418,10.07,1,10072,10,"S",10.07,10.06,10.05,10.04,10.03,10.08,10.09,10.1,10.11,10.12,4057,5784,7563,5112,3684,2946,1948,6597,3690,3428
"sz",1,20141014,100421,10.08,5,43320,43,"B",10.07,10.06,10.05,10.04,10.03,10.08,10.09,10.1,10.11,10.12,4096,5784,7553,5117,3684,2931,1948,6597,3690,3428
"sz",1,20141014,100424,10.07,1,12080,12,"S",10.07,10.06,10.05,10.04,10.03,10.08,10.09,10.1,10.11,10.12,4168,5884,7553,5117,3684,2931,1948,6597,3690,3428
"sz",1,20141014,100432,10.08,1,10080,10,"B",10.07,10.06,10.05,10.04,10.03,10.08,10.09,10.1,10.11,10.12,4195,5892,7553,5117,3701,2925,1949,6597,3690,3428
"sz",1,20141014,100439,10.08,2,34272,34,"B",10.07,10.06,10.05,10.04,10.03,10.08,10.09,10.1,10.11,10.12,4202,5892,7556,5117,3721,2891,1982,6597,3690,3428
"sz",1,20141014,100442,10.07,1,39272,39,"S",10.07,10.06,10.05,10.04,10.03,10.08,10.09,10.1,10.11,10.12,4220,5892,7556,5117,3721,2891,1991,6597,3690,3428
"sz",1,20141014,100445,10.08,1,35280,35,"B",10.07,10.06,10.05,10.04,10.03,10.08,10.09,10.1,10.11,10.12,4824,5892,7536,5123,3721,2856,1991,6597,3690,3373
"sz",1,20141014,100448,10.07,2,85400,85,"S",10.07,10.06,10.05,10.04,10.03,10.08,10.09,10.1,10.11,10.12,4795,5900,7536,5123,3721,2854,2011,6597,3690,3373
"sz",1,20141014,100451,10.08,4,108864,108,"B",10.07,10.06,10.05,10.04,10.03,10.08,10.09,10.1,10.11,10.12,4810,5940,7546,5123,3721,2736,1946,6597,3690,3373
"sz",1,20141014,100454,10.08,5,76592,76,"B",10.07,10.06,10.05,10.04,10.03,10.08,10.09,10.1,10.11,10.12,4824,5940,7556,5123,3721,2679,1946,6622,3690,3373
"sz",1,20141014,100500,10.07,2,341736,339,"S",10.07,10.06,10.05,10.04,10.03,10.08,10.09,10.1,10.11,10.12,4505,5941,7596,5123,3721,2700,1727,6628,3690,3373
"sz",1,20141014,100503,10.08,3,19152,19,"B",10.07,10.06,10.05,10.04,10.03,10.08,10.09,10.1,10.11,10.12,4537,6940,7596,5123,3728,2696,1969,6628,3690,3373
"sz",1,20141014,100506,10.08,3,130032,129,"B",10.07,10.06,10.05,10.04,10.03,10.08,10.09,10.1,10.11,10.12,4647,6940,7596,5123,3728,2574,1969,6628,3690,3373
"sz",1,20141014,100509,10.07,2,10312,10,"S",10.07,10.06,10.05,10.04,10.03,10.08,10.09,10.1,10.11,10.12,4601,6940,7596,5123,3728,2564,1969,6628,3690,3373
"sz",1,20141014,100515,10.07,5,201400,200,"S",10.07,10.06,10.05,10.04,10.03,10.08,10.09,10.1,10.11,10.12,4533,6940,7592,5113,3734,2620,1969,6658,3690,3373
"sz",1,20141014,100518,10.07,3,156544,156,"S",10.07,10.06,10.05,10.04,10.03,10.08,10.09,10.1,10.11,10.12,4465,6943,7599,5333,3744,2728,1968,6658,3690,3373
"sz",1,20141014,100521,10.08,2,141080,140,"B",10.07,10.06,10.05,10.04,10.03,10.08,10.09,10.1,10.11,10.12,4419,6943,7599,5333,3744,2628,1968,6658,3690,3373
"sz",1,20141014,100524,10.08,1,1008,1,"B",10.07,10.06,10.05,10.04,10.03,10.08,10.09,10.1,10.11,10.12,4495,6943,7599,5333,3744,2627,1938,6658,3690,3373
"sz",1,20141014,100527,10.08,1,4032,4,"B",10.07,10.06,10.05,10.04,10.03,10.08,10.09,10.1,10.11,10.12,4616,6943,7599,5333,3744,2623,1938,6658,3690,3373
"sz",1,20141014,100533,10.07,13,331336,329,"S",10.07,10.06,10.05,10.04,10.03,10.08,10.09,10.1,10.11,10.12,4475,6893,7596,5333,3744,2594,1948,6658,3690,3373
"sz",1,20141014,100536,10.08,2,50376,50,"B",10.07,10.06,10.05,10.04,10.03,10.08,10.09,10.1,10.11,10.12,4532,6895,7596,5333,3738,2666,1939,6658,3690,3373
"sz",1,20141014,100539,10.07,4,81608,81,"S",10.07,10.06,10.05,10.04,10.03,10.08,10.09,10.1,10.11,10.12,4484,6892,7602,5333,3738,2660,1949,6658,3690,3373
"sz",1,20141014,100542,10.07,2,8056,8,"S",10.07,10.06,10.05,10.04,10.03,10.08,10.09,10.1,10.11,10.12,4479,6892,7603,5333,3744,2657,1949,6658,3690,3373
"sz",1,20141014,100544,10.07,13,257792,256,"S",10.07,10.06,10.05,10.04,10.03,10.08,10.09,10.1,10.11,10.12,4246,6902,7606,5333,3744,2429,1935,6658,3690,3373
"sz",1,20141014,100548,10.07,3,84592,84,"S",10.07,10.06,10.05,10.04,10.03,10.08,10.09,10.1,10.11,10.12,4213,6904,7806,5333,3744,2450,1903,6886,3690,3373
"sz",1,20141014,100551,10.07,5,50344,50,"S",10.07,10.06,10.05,10.04,10.03,10.08,10.09,10.1,10.11,10.12,4163,6909,7811,5333,3744,2450,1903,6886,3690,3373
"sz",1,20141014,100554,10.07,2,10080,10,"S",10.07,10.06,10.05,10.04,10.03,10.08,10.09,10.1,10.11,10.12,4162,6909,7791,5333,3744,2464,1903,6886,3690,3373
"sz",1,20141014,100557,10.07,4,21160,21,"S",10.07,10.06,10.05,10.04,10.03,10.08,10.09,10.1,10.11,10.12,4212,6909,7797,5333,3773,2448,1903,6886,3720,3373
"sz",1,20141014,100600,10.08,3,27216,27,"B",10.07,10.06,10.05,10.04,10.03,10.08,10.09,10.1,10.11,10.12,4244,6919,7797,5333,3774,2673,1903,6658,3720,3373
"sz",1,20141014,100603,10.07,5,20288,20,"S",10.07,10.06,10.05,10.04,10.03,10.08,10.09,10.1,10.11,10.12,4305,6919,7817,5333,3774,2656,1893,6658,3720,3373
"sz",1,20141014,100606,10.07,5,178400,177,"S",10.07,10.06,10.05,10.04,10.03,10.08,10.09,10.1,10.11,10.12,4281,6919,7817,5333,3774,2592,1893,6658,3720,3373
"sz",1,20141014,100609,10.07,3,30424,30,"S",10.07,10.06,10.05,10.04,10.03,10.08,10.09,10.1,10.11,10.12,4379,7053,7817,5338,3782,2680,1893,6708,3720,3373
"sz",1,20141014,100612,10.08,4,28200,28,"B",10.07,10.06,10.05,10.04,10.03,10.08,10.09,10.1,10.11,10.12,4368,7103,7886,5392,3787,2641,1893,6708,3720,3373
"sz",1,20141014,100613,10.08,2,35280,35,"B",10.07,10.06,10.05,10.04,10.03,10.08,10.09,10.1,10.11,10.12,4368,7103,7888,5392,3787,2656,1893,6708,3720,3373
"sz",1,20141014,100618,10.07,11,125896,125,"S",10.07,10.06,10.05,10.04,10.03,10.08,10.09,10.1,10.11,10.12,4331,6800,7888,5392,3780,2638,1893,6688,3720,3373
"sz",1,20141014,100621,10.07,4,16120,16,"S",10.07,10.06,10.05,10.04,10.03,10.08,10.09,10.1,10.11,10.12,4320,6800,7888,5392,3780,2659,1893,6688,3720,3373
"sz",1,20141014,100624,10.08,4,63480,63,"B",10.07,10.06,10.05,10.04,10.03,10.08,10.09,10.1,10.11,10.12,4304,6800,7888,5392,3780,2614,1893,6688,3720,3373
"sz",1,20141014,100627,10.07,16,568960,565,"S",10.07,10.06,10.05,10.04,10.03,10.08,10.09,10.1,10.11,10.12,3759,6800,7908,5394,3780,2556,1893,6688,3720,3373
"sz",1,20141014,100630,10.08,4,33256,33,"B",10.07,10.06,10.05,10.04,10.03,10.08,10.09,10.1,10.11,10.12,3778,6821,7958,5394,3780,2530,1903,6688,3720,3373
"sz",1,20141014,100633,10.07,14,1550144,1538,"S",10.07,10.06,10.05,10.04,10.03,10.08,10.09,10.1,10.11,10.12,3624,6810,7958,5394,3780,1151,1903,6688,3720,3373
"sz",1,20141014,100636,10.07,10,178240,177,"S",10.07,10.06,10.05,10.04,10.03,10.08,10.09,10.1,10.11,10.12,3477,6810,7968,5394,3780,1158,1863,6688,3720,3373
"sz",1,20141014,100639,10.07,7,313248,311,"S",10.07,10.06,10.05,10.04,10.03,10.08,10.09,10.1,10.11,10.12,3252,6810,7968,5394,3780,1149,1863,6688,3720,3373
"sz",1,20141014,100642,10.07,8,79576,79,"S",10.07,10.06,10.05,10.04,10.03,10.08,10.09,10.1,10.11,10.12,3197,6810,7968,5394,3780,1129,1895,6688,3720,3373
"sz",1,20141014,100645,10.07,4,15112,15,"S",10.07,10.06,10.05,10.04,10.03,10.08,10.09,10.1,10.11,10.12,3538,6812,7968,5394,3780,1206,1895,6688,3720,3373
"sz",1,20141014,100648,10.07,1,7056,7,"S",10.07,10.06,10.05,10.04,10.03,10.08,10.09,10.1,10.11,10.12,3648,6812,8168,5394,3780,1206,1895,6688,3720,3373
