"market","ticker","date","time","trade_price","number_of_trades","trade_money","trade_volume","direction","buy1_price","buy2_price","buy3_price","buy4_price","buy5_price","sell1_price","sell2_price","sell3_price","sell4_price","sell5_price","buy1_quantity","buy2_quantity","buy3_quantity","buy4_quantity","buy5_quantity","sell1_quantity","sell2_quantity","sell3_quantity","sell4_quantity","sell5_quantity"
"sz",1,20141015,92500,10.11,45,1238475,1225,"B",10.1,10.09,10.08,10.07,10.06,10.11,10.12,10.13,10.14,10.15,252,383,1077,1548,1296,302,1115,522,263,415
"sz",1,20141015,93000,10.11,1,25275,25,"B",10.1,10.09,10.08,10.07,10.06,10.11,10.12,10.13,10.14,10.15,252,383,1077,1548,1296,469,1115,522,263,415
"sz",1,20141015,93003,10.1,52,1018419,1008,"S",10.1,10.09,10.08,10.07,10.06,10.11,10.12,10.13,10.14,10.15,750,690,2302,1713,1854,736,1174,736,540,671
"sz",1,20141015,93009,10.1,2,2020,2,"S",10.1,10.09,10.08,10.07,10.06,10.11,10.12,10.13,10.14,10.15,748,1142,2302,1713,1864,786,1174,736,540,671
"sz",1,20141015,93011,10.1,1,1010,1,"S",10.1,10.09,10.08,10.07,10.06,10.11,10.12,10.13,10.14,10.15,747,1142,2302,1713,1864,786,1174,736,540,671
"sz",1,20141015,93015,10.11,2,20362,20,"B",10.1,10.09,10.08,10.07,10.06,10.11,10.12,10.13,10.14,10.15,746,1142,2305,1722,1864,766,1174,736,540,671
"sz",1,20141015,93020,10.1,2,6060,6,"S",10.1,10.09,10.08,10.07,10.06,10.11,10.12,10.13,10.14,10.15,740,1142,2318,1722,1874,1676,1178,736,540,671
"sz",1,20141015,93024,10.1,4,51510,51,"S",10.1,10.09,10.08,10.07,10.06,10.11,10.12,10.13,10.14,10.15,689,1142,2018,1722,1874,1676,1177,736,540,671
"sz",1,20141015,93027,10.1,2,23230,23,"S",10.1,10.09,10.08,10.07,10.06,10.11,10.12,10.13,10.14,10.15,759,1142,2018,1728,1874,1676,1177,736,540,671
"sz",1,20141015,93029,10.1,3,24250,24,"S",10.1,10.09,10.08,10.07,10.06,10.11,10.12,10.13,10.14,10.15,745,1142,2018,1728,1874,1666,1178,736,540,671
"sz",1,20141015,93032,10.11,6,178946,177,"B",10.1,10.09,10.08,10.07,10.06,10.11,10.12,10.13,10.14,10.15,744,1142,2018,1919,1874,1490,1178,736,540,691
"sz",1,20141015,93035,10.1,2,5050,5,"S",10.1,10.09,10.08,10.07,10.06,10.11,10.12,10.13,10.14,10.15,739,1142,2018,1923,1874,1532,941,736,540,691
"sz",1,20141015,93039,10.1,4,28302,28,"S",10.1,10.09,10.08,10.07,10.06,10.11,10.12,10.13,10.14,10.15,733,1142,2018,1923,1894,1510,940,736,540,718
"sz",1,20141015,93048,10.1,2,1232,1,"S",10.1,10.09,10.08,10.07,10.06,10.11,10.12,10.13,10.14,10.15,886,1142,2018,1923,1894,1535,906,736,540,718
"sz",1,20141015,93049,10.1,1,13402,14,"S",10.1,10.09,10.08,10.07,10.06,10.11,10.12,10.13,10.14,10.15,873,1142,2018,1923,1894,1535,906,736,540,718
"sz",1,20141015,93053,10.1,1,239370,237,"S",10.1,10.09,10.08,10.07,10.06,10.11,10.12,10.13,10.14,10.15,636,1142,2028,1923,1914,1535,905,736,540,718
"sz",1,20141015,93056,10.11,2,90989,90,"B",10.1,10.09,10.08,10.07,10.06,10.11,10.12,10.13,10.14,10.15,720,1142,2028,1923,1914,1446,906,736,540,718
"sz",1,20141015,93059,10.1,1,35350,35,"S",10.1,10.09,10.08,10.07,10.06,10.11,10.12,10.13,10.14,10.15,685,1142,2028,1923,1914,1446,906,736,540,718
"sz",1,20141015,93103,10.1,3,30300,30,"S",10.1,10.09,10.08,10.07,10.06,10.11,10.12,10.13,10.14,10.15,655,1142,2028,1923,1914,1446,906,736,540,738
"sz",1,20141015,93105,10.1,1,1010,1,"S",10.1,10.09,10.08,10.07,10.06,10.11,10.12,10.13,10.14,10.15,749,1147,2028,1923,1914,1446,906,736,540,738
"sz",1,20141015,93109,10.1,2,1142,1,"S",10.1,10.09,10.08,10.07,10.06,10.11,10.12,10.13,10.14,10.15,748,1152,2028,1923,1914,1445,905,736,540,738
"sz",1,20141015,93112,10.11,2,55580,55,"B",10.1,10.09,10.08,10.07,10.06,10.11,10.12,10.13,10.14,10.15,723,1152,2028,1923,1914,1420,951,736,540,738
"sz",1,20141015,93115,10.11,11,1436429,1421,"B",10.11,10.1,10.09,10.08,10.07,10.12,10.13,10.14,10.15,10.16,869,733,1252,2028,1923,951,736,540,738,468
"sz",1,20141015,93118,10.11,1,6066,6,"S",10.11,10.1,10.09,10.08,10.07,10.12,10.13,10.14,10.15,10.16,863,691,1252,2028,1923,951,737,540,738,468
"sz",1,20141015,93121,10.11,2,14154,14,"S",10.11,10.1,10.09,10.08,10.07,10.12,10.13,10.14,10.15,10.16,849,741,1252,2028,1923,951,737,540,738,468
"sz",1,20141015,93123,10.11,1,1011,1,"S",10.11,10.1,10.09,10.08,10.07,10.12,10.13,10.14,10.15,10.16,935,841,1252,2028,1933,951,737,540,738,468
"sz",1,20141015,93126,10.11,2,22242,22,"S",10.11,10.1,10.09,10.08,10.07,10.12,10.13,10.14,10.15,10.16,950,767,1252,2028,1933,951,744,540,738,468
"sz",1,20141015,93129,10.11,2,56616,56,"S",10.11,10.1,10.09,10.08,10.07,10.12,10.13,10.14,10.15,10.16,894,842,1252,2028,1933,951,744,540,738,468
"sz",1,20141015,93133,10.11,1,36396,36,"S",10.11,10.1,10.09,10.08,10.07,10.12,10.13,10.14,10.15,10.16,883,842,1252,2068,1933,951,744,538,738,468
"sz",1,20141015,93136,10.11,3,8088,8,"S",10.11,10.1,10.09,10.08,10.07,10.12,10.13,10.14,10.15,10.16,875,877,1452,2068,1923,923,744,538,738,468
"sz",1,20141015,93139,10.11,2,1224,1,"S",10.11,10.1,10.09,10.08,10.07,10.12,10.13,10.14,10.15,10.16,874,908,1452,2068,1923,877,744,538,738,450
"sz",1,20141015,93142,10.12,1,3036,3,"B",10.11,10.1,10.09,10.08,10.07,10.12,10.13,10.14,10.15,10.16,874,908,1452,2068,1948,874,744,538,738,450
"sz",1,20141015,93144,10.11,2,29319,29,"S",10.11,10.1,10.09,10.08,10.07,10.12,10.13,10.14,10.15,10.16,865,916,1452,2068,1948,874,744,538,738,450
"sz",1,20141015,93148,10.11,4,131299,130,"S",10.11,10.1,10.09,10.08,10.07,10.12,10.13,10.14,10.15,10.16,807,916,1452,2068,1948,833,744,538,738,450
"sz",1,20141015,93151,10.11,1,15660,15,"S",10.11,10.1,10.09,10.08,10.07,10.12,10.13,10.14,10.15,10.16,891,926,1452,2068,1948,833,744,538,738,460
"sz",1,20141015,93154,10.11,3,38443,38,"S",10.11,10.1,10.09,10.08,10.07,10.12,10.13,10.14,10.15,10.16,1086,926,1452,2068,1948,808,744,538,738,460
"sz",1,20141015,93200,10.12,2,9107,9,"B",10.11,10.1,10.09,10.08,10.07,10.12,10.13,10.14,10.15,10.16,1085,928,1454,2073,1948,800,944,538,748,460
"sz",1,20141015,93203,10.12,2,7082,7,"B",10.11,10.1,10.09,10.08,10.07,10.12,10.13,10.14,10.15,10.16,1083,928,1454,2073,1948,884,944,538,748,460
"sz",1,20141015,93209,10.11,1,1011,1,"S",10.11,10.1,10.09,10.08,10.07,10.12,10.13,10.14,10.15,10.16,1082,964,1454,2073,1948,888,944,538,748,470
"sz",1,20141015,93212,10.12,7,179124,177,"B",10.11,10.1,10.09,10.08,10.07,10.12,10.13,10.14,10.15,10.16,1082,984,1449,2073,1948,711,944,538,748,470
"sz",1,20141015,93215,10.11,3,39571,39,"S",10.11,10.1,10.09,10.08,10.07,10.12,10.13,10.14,10.15,10.16,1043,984,1449,2100,1948,582,944,538,748,575
"sz",1,20141015,93217,10.11,4,58638,58,"S",10.11,10.1,10.09,10.08,10.07,10.12,10.13,10.14,10.15,10.16,985,982,1479,2100,1948,582,944,538,748,587
"sz",1,20141015,93224,10.11,2,101322,100,"S",10.11,10.1,10.09,10.08,10.07,10.12,10.13,10.14,10.15,10.16,895,985,1479,2100,1948,621,918,538,748,587
"sz",1,20141015,93227,10.11,3,59705,59,"S",10.11,10.1,10.09,10.08,10.07,10.12,10.13,10.14,10.15,10.16,892,985,1479,2100,1948,585,919,538,748,587
"sz",1,20141015,93230,10.11,2,30330,30,"S",10.11,10.1,10.09,10.08,10.07,10.12,10.13,10.14,10.15,10.16,1062,1015,1479,2095,1948,589,919,538,748,587
"sz",1,20141015,93233,10.12,2,16192,16,"B",10.11,10.1,10.09,10.08,10.07,10.12,10.13,10.14,10.15,10.16,1062,1015,1490,2095,1948,573,919,538,748,587
"sz",1,20141015,93235,10.11,2,79869,79,"S",10.11,10.1,10.09,10.08,10.07,10.12,10.13,10.14,10.15,10.16,991,1016,1490,2095,1948,573,919,538,748,587
"sz",1,20141015,93237,10.11,1,1011,1,"S",10.11,10.1,10.09,10.08,10.07,10.12,10.13,10.14,10.15,10.16,991,1016,1490,2095,1948,573,919,538,769,587
"sz",1,20141015,93242,10.12,1,10120,10,"B",10.11,10.1,10.09,10.08,10.07,10.12,10.13,10.14,10.15,10.16,1526,1022,1490,2095,1948,563,919,546,769,587
"sz",1,20141015,93245,10.12,9,105247,104,"B",10.11,10.1,10.09,10.08,10.07,10.12,10.13,10.14,10.15,10.16,1525,1022,1490,2095,1988,465,919,546,769,607
"sz",1,20141015,93248,10.12,6,416606,412,"B",10.11,10.1,10.09,10.08,10.07,10.12,10.13,10.14,10.15,10.16,1206,1022,1490,2145,1990,411,919,546,759,607
"sz",1,20141015,93253,10.11,1,1011,1,"S",10.11,10.1,10.09,10.08,10.07,10.12,10.13,10.14,10.15,10.16,1236,1221,1490,2163,1990,421,919,546,759,607
"sz",1,20141015,93255,10.11,5,102111,101,"S",10.11,10.1,10.09,10.08,10.07,10.12,10.13,10.14,10.15,10.16,1135,1221,1490,2163,1990,421,919,546,759,614
"sz",1,20141015,93259,10.11,1,1213,2,"S",10.11,10.1,10.09,10.08,10.07,10.12,10.13,10.14,10.15,10.16,1139,1221,1490,2161,1990,481,919,546,759,614
"sz",1,20141015,93303,10.12,2,197340,195,"B",10.11,10.1,10.09,10.08,10.07,10.12,10.13,10.14,10.15,10.16,1139,1221,1501,2155,1990,286,919,546,759,614
"sz",1,20141015,93306,10.12,4,6071,6,"B",10.11,10.1,10.09,10.08,10.07,10.12,10.13,10.14,10.15,10.16,1133,1230,1501,2155,2008,417,918,546,785,614
"sz",1,20141015,93309,10.12,7,77828,77,"B",10.11,10.1,10.09,10.08,10.07,10.12,10.13,10.14,10.15,10.16,1082,1233,1501,2098,2008,400,918,546,785,614
"sz",1,20141015,93312,10.11,1,1011,1,"S",10.11,10.1,10.09,10.08,10.07,10.12,10.13,10.14,10.15,10.16,1131,1251,1501,2098,2015,363,918,546,785,614
"sz",1,20141015,93314,10.12,4,47564,47,"B",10.11,10.1,10.09,10.08,10.07,10.12,10.13,10.14,10.15,10.16,1137,1254,1501,2098,2020,316,918,546,790,614
"sz",1,20141015,93318,10.12,14,179336,177,"B",10.11,10.1,10.09,10.08,10.07,10.12,10.13,10.14,10.15,10.16,941,1254,1501,2098,2020,184,918,546,1690,614
"sz",1,20141015,93321,10.12,2,15170,15,"B",10.11,10.1,10.09,10.08,10.07,10.12,10.13,10.14,10.15,10.16,953,1254,1708,2098,2020,179,918,546,1690,614
"sz",1,20141015,93322,10.12,7,179255,177,"B",10.11,10.1,10.09,10.08,10.07,10.12,10.13,10.14,10.15,10.16,953,1295,1708,2098,2020,2,918,546,1690,614
"sz",1,20141015,93327,10.11,2,31341,31,"S",10.11,10.1,10.09,10.08,10.07,10.12,10.13,10.14,10.15,10.16,929,1220,1708,2098,1980,2,918,546,1690,614
"sz",1,20141015,93330,10.12,2,10120,10,"B",10.11,10.1,10.09,10.08,10.07,10.12,10.13,10.14,10.15,10.16,929,1233,1708,2098,1980,351,918,566,1690,614
"sz",1,20141015,93333,10.12,2,107272,106,"B",10.11,10.1,10.09,10.08,10.07,10.12,10.13,10.14,10.15,10.16,923,1233,1708,2098,1980,245,955,599,1690,614
"sz",1,20141015,93335,10.11,4,58638,58,"S",10.11,10.1,10.09,10.08,10.07,10.12,10.13,10.14,10.15,10.16,865,1233,1708,2098,1980,245,955,599,1690,614
"sz",1,20141015,93339,10.11,1,39429,39,"S",10.11,10.1,10.09,10.08,10.07,10.12,10.13,10.14,10.15,10.16,883,1235,1708,2098,1980,309,955,719,1670,614
"sz",1,20141015,93342,10.11,2,27314,27,"S",10.11,10.1,10.09,10.08,10.07,10.12,10.13,10.14,10.15,10.16,883,1235,1708,2098,1980,327,955,719,1670,814
"sz",1,20141015,93345,10.12,1,1012,1,"B",10.11,10.1,10.09,10.08,10.07,10.12,10.13,10.14,10.15,10.16,888,1232,1708,2098,1980,336,963,719,1670,814
"sz",1,20141015,93347,10.12,5,131498,130,"B",10.11,10.1,10.09,10.08,10.07,10.12,10.13,10.14,10.15,10.16,861,1232,1708,2098,1980,268,932,719,1670,834
"sz",1,20141015,93354,10.12,1,16192,16,"B",10.11,10.1,10.09,10.08,10.07,10.12,10.13,10.14,10.15,10.16,945,1380,1708,2214,1980,428,932,726,1670,834
"sz",1,20141015,93357,10.11,6,152986,151,"S",10.11,10.1,10.09,10.08,10.07,10.12,10.13,10.14,10.15,10.16,916,1233,1708,2214,1980,356,932,735,1670,834
"sz",1,20141015,93400,10.11,9,90024,89,"S",10.11,10.1,10.09,10.08,10.07,10.12,10.13,10.14,10.15,10.16,865,1233,1708,2214,1980,311,932,735,1670,834
"sz",1,20141015,93403,10.11,2,31347,31,"S",10.11,10.1,10.09,10.08,10.07,10.12,10.13,10.14,10.15,10.16,841,1235,1777,2214,1980,350,932,735,1670,834
"sz",1,20141015,93406,10.12,2,224074,222,"B",10.11,10.1,10.09,10.08,10.07,10.12,10.13,10.14,10.15,10.16,622,1235,1777,2204,1980,357,932,735,1670,834
"sz",1,20141015,93409,10.11,2,84924,84,"S",10.11,10.1,10.09,10.08,10.07,10.12,10.13,10.14,10.15,10.16,534,1235,1777,2204,1980,358,932,735,1670,834
"sz",1,20141015,93415,10.11,4,68798,68,"S",10.11,10.1,10.09,10.08,10.07,10.12,10.13,10.14,10.15,10.16,575,1235,1856,2187,1980,312,932,735,1670,834
"sz",1,20141015,93418,10.11,3,19356,19,"S",10.11,10.1,10.09,10.08,10.07,10.12,10.13,10.14,10.15,10.16,662,1335,1856,2202,1980,306,932,735,1670,834
"sz",1,20141015,93421,10.11,4,29333,29,"S",10.11,10.1,10.09,10.08,10.07,10.12,10.13,10.14,10.15,10.16,658,1391,1856,2202,1980,344,932,735,1670,853
"sz",1,20141015,93424,10.12,4,15175,15,"B",10.11,10.1,10.09,10.08,10.07,10.12,10.13,10.14,10.15,10.16,673,1391,1858,2202,1980,340,1002,735,1670,834
"sz",1,20141015,93427,10.12,7,167723,166,"B",10.11,10.1,10.09,10.08,10.07,10.12,10.13,10.14,10.15,10.16,606,1391,1858,2202,1980,246,1002,735,1670,834
"sz",1,20141015,93430,10.11,4,39429,39,"S",10.11,10.1,10.09,10.08,10.07,10.12,10.13,10.14,10.15,10.16,567,1391,1858,2202,1980,265,1002,735,1670,834
"sz",1,20141015,93433,10.11,2,15387,15,"S",10.11,10.1,10.09,10.08,10.07,10.12,10.13,10.14,10.15,10.16,552,1405,1868,2202,1980,327,1002,735,1670,834
"sz",1,20141015,93436,10.11,12,208467,206,"S",10.11,10.1,10.09,10.08,10.07,10.12,10.13,10.14,10.15,10.16,552,1405,1868,2202,1980,139,1002,745,1670,834
"sz",1,20141015,93439,10.11,8,72823,72,"S",10.11,10.1,10.09,10.08,10.07,10.12,10.13,10.14,10.15,10.16,510,1405,1868,2202,1980,351,1002,1171,1670,834
"sz",1,20141015,93442,10.11,7,27305,27,"S",10.11,10.1,10.09,10.08,10.07,10.12,10.13,10.14,10.15,10.16,494,1405,1868,2202,1980,415,1002,1171,1670,834
"sz",1,20141015,93445,10.11,7,45505,45,"S",10.11,10.1,10.09,10.08,10.07,10.12,10.13,10.14,10.15,10.16,459,1405,1416,2202,1980,651,1002,1171,1670,834
"sz",1,20141015,93448,10.11,6,78858,78,"S",10.11,10.1,10.09,10.08,10.07,10.12,10.13,10.14,10.15,10.16,381,1405,1416,2202,1980,758,1002,1171,1670,834
"sz",1,20141015,93451,10.11,16,331608,328,"S",10.11,10.1,10.09,10.08,10.07,10.12,10.13,10.14,10.15,10.16,71,1405,1416,2202,1980,465,1002,1171,1670,834
"sz",1,20141015,93454,10.12,3,39468,39,"B",10.11,10.1,10.09,10.08,10.07,10.12,10.13,10.14,10.15,10.16,77,1405,1416,2202,1980,426,1002,1171,1674,834
"sz",1,20141015,93457,10.1,15,125351,124,"S",10.1,10.09,10.08,10.07,10.06,10.12,10.13,10.14,10.15,10.16,1391,1416,2202,1980,2092,426,1002,1171,1674,834
"sz",1,20141015,93500,10.1,7,108070,107,"S",10.1,10.09,10.08,10.07,10.06,10.11,10.12,10.13,10.14,10.15,1284,1416,2202,1980,2102,20,774,1002,1171,1674
"sz",1,20141015,93503,10.1,7,120221,119,"S",10.1,10.09,10.08,10.07,10.06,10.11,10.12,10.13,10.14,10.15,1196,1414,2202,1980,2102,1,839,1002,1171,1674
"sz",1,20141015,93506,10.11,3,27280,27,"B",10.1,10.09,10.08,10.07,10.06,10.11,10.12,10.13,10.14,10.15,1184,1414,2202,2010,2102,31,889,1002,1171,1674
"sz",1,20141015,93509,10.1,3,28280,28,"S",10.1,10.09,10.08,10.07,10.06,10.11,10.12,10.13,10.14,10.15,1156,1414,2202,2020,2102,31,1119,1002,1171,1674
"sz",1,20141015,93512,10.11,4,40562,40,"B",10.11,10.1,10.09,10.08,10.07,10.12,10.13,10.14,10.15,10.16,49,1147,1414,2202,2020,1255,1002,1171,1532,834
"sz",1,20141015,93515,10.1,5,72785,72,"S",10.1,10.09,10.08,10.07,10.06,10.11,10.12,10.13,10.14,10.15,1137,1414,2202,2020,2102,14,1252,1002,1171,1532
"sz",1,20141015,93518,10.1,5,29498,29,"S",10.1,10.09,10.08,10.07,10.06,10.11,10.12,10.13,10.14,10.15,1113,1434,2222,2020,2102,190,1252,1002,1171,1532
"sz",1,20141015,93521,10.1,5,154530,153,"S",10.1,10.09,10.08,10.07,10.06,10.11,10.12,10.13,10.14,10.15,1050,1466,2222,2020,2102,190,1473,1002,1171,1532
"sz",1,20141015,93524,10.11,9,152550,151,"B",10.1,10.09,10.08,10.07,10.06,10.11,10.12,10.13,10.14,10.15,973,1466,2222,1988,2102,150,1473,1002,1161,1532
"sz",1,20141015,93526,10.11,1,1011,1,"B",10.1,10.09,10.08,10.07,10.06,10.11,10.12,10.13,10.14,10.15,995,1466,2222,1988,2102,202,1483,1002,1161,1532
"sz",1,20141015,93529,10.1,1,32320,32,"S",10.1,10.09,10.08,10.07,10.06,10.11,10.12,10.13,10.14,10.15,963,1466,2222,1988,2102,202,1483,1002,1161,1532
"sz",1,20141015,93533,10.1,5,47480,47,"S",10.1,10.09,10.08,10.07,10.06,10.11,10.12,10.13,10.14,10.15,906,1466,2222,1988,2102,163,1483,1002,1161,1532
"sz",1,20141015,93535,10.1,2,6278,6,"S",10.1,10.09,10.08,10.07,10.06,10.11,10.12,10.13,10.14,10.15,906,1466,2222,1988,2102,161,1483,1002,1161,1532
"sz",1,20141015,93538,10.1,1,5050,5,"S",10.1,10.09,10.08,10.07,10.06,10.11,10.12,10.13,10.14,10.15,901,1467,2226,1988,2102,161,1483,1002,1161,1534
"sz",1,20141015,93545,10.1,1,6060,6,"S",10.1,10.09,10.08,10.07,10.06,10.11,10.12,10.13,10.14,10.15,895,1467,2264,1993,2082,187,1483,1002,1161,1534
"sz",1,20141015,93551,10.1,15,202000,200,"S",10.1,10.09,10.08,10.07,10.06,10.11,10.12,10.13,10.14,10.15,750,1467,2264,1993,2112,187,1498,1002,1161,1534
"sz",1,20141015,93557,10.11,7,185942,184,"B",10.1,10.09,10.08,10.07,10.06,10.11,10.12,10.13,10.14,10.15,718,1487,2471,1993,2162,104,1479,1002,1161,1534
"sz",1,20141015,93600,10.11,4,95980,95,"B",10.1,10.09,10.08,10.07,10.06,10.11,10.12,10.13,10.14,10.15,1153,1487,2472,1993,2162,174,1479,1002,1161,1534
"sz",1,20141015,93609,10.1,3,1375,2,"S",10.1,10.09,10.08,10.07,10.06,10.11,10.12,10.13,10.14,10.15,1183,1487,2477,1993,2162,722,1499,1002,1161,1534
"sz",1,20141015,93615,10.11,12,146595,145,"B",10.1,10.09,10.08,10.07,10.06,10.11,10.12,10.13,10.14,10.15,1194,1487,2497,1993,2162,808,1487,1012,1161,1534
"sz",1,20141015,93617,10.1,3,50500,50,"S",10.1,10.09,10.08,10.07,10.06,10.11,10.12,10.13,10.14,10.15,1196,1487,2497,1993,2162,760,1487,1012,1161,1544
"sz",1,20141015,93627,10.11,1,20220,20,"B",10.1,10.09,10.08,10.07,10.06,10.11,10.12,10.13,10.14,10.15,1289,1487,2504,1993,2162,771,1036,1012,1161,1544
"sz",1,20141015,93633,10.11,3,341714,338,"B",10.1,10.09,10.08,10.07,10.06,10.11,10.12,10.13,10.14,10.15,1439,1619,2504,1993,2162,437,1036,1012,1161,1544
"sz",1,20141015,93636,10.1,8,221190,219,"S",10.1,10.09,10.08,10.07,10.06,10.11,10.12,10.13,10.14,10.15,1233,1619,2514,1975,2162,437,1036,1012,1161,1523
"sz",1,20141015,93644,10.1,1,30300,30,"S",10.1,10.09,10.08,10.07,10.06,10.11,10.12,10.13,10.14,10.15,1285,1619,2534,1975,2162,477,982,1012,1161,1523
"sz",1,20141015,93648,10.11,2,106155,105,"B",10.1,10.09,10.08,10.07,10.06,10.11,10.12,10.13,10.14,10.15,1288,1619,2544,1975,2162,372,887,1012,1171,1523
"sz",1,20141015,93654,10.11,2,3033,3,"B",10.1,10.09,10.08,10.07,10.06,10.11,10.12,10.13,10.14,10.15,1288,1619,2557,1999,2162,382,895,1012,1171,1523
"sz",1,20141015,93657,10.11,9,386687,382,"B",10.11,10.1,10.09,10.08,10.07,10.12,10.13,10.14,10.15,10.16,562,1356,1619,2557,1801,895,1022,1171,1523,844
"sz",1,20141015,93659,10.11,1,60660,60,"S",10.11,10.1,10.09,10.08,10.07,10.12,10.13,10.14,10.15,10.16,523,1419,1637,2557,1801,905,1022,1171,1523,844
"sz",1,20141015,93703,10.11,1,50550,50,"S",10.11,10.1,10.09,10.08,10.07,10.12,10.13,10.14,10.15,10.16,493,1469,1637,2557,1801,905,1022,1171,1523,844
"sz",1,20141015,93706,10.11,1,300267,297,"S",10.11,10.1,10.09,10.08,10.07,10.12,10.13,10.14,10.15,10.16,196,1519,1637,2557,1801,905,1022,1171,1523,844
"sz",1,20141015,93709,10.1,20,606222,600,"S",10.1,10.09,10.08,10.07,10.06,10.12,10.13,10.14,10.15,10.16,1161,1638,2557,1801,2162,909,1022,1171,1533,844
"sz",1,20141015,93711,10.11,1,12132,12,"B",10.1,10.09,10.08,10.07,10.06,10.11,10.12,10.13,10.14,10.15,1166,1638,2557,1801,2162,88,909,1014,1171,1533
"sz",1,20141015,93715,10.11,3,8215,8,"B",10.1,10.09,10.08,10.07,10.06,10.11,10.12,10.13,10.14,10.15,1211,1638,2557,1801,2172,85,909,1014,1165,1533
"sz",1,20141015,93718,10.11,1,1011,1,"B",10.1,10.09,10.08,10.07,10.06,10.11,10.12,10.13,10.14,10.15,1233,1638,2557,1811,2172,177,909,1014,1165,1533
"sz",1,20141015,93721,10.11,6,179654,178,"B",10.11,10.1,10.09,10.08,10.07,10.12,10.13,10.14,10.15,10.16,289,1303,1638,2557,1811,909,1014,1165,1533,844
"sz",1,20141015,93726,10.11,1,10110,10,"S",10.11,10.1,10.09,10.08,10.07,10.12,10.13,10.14,10.15,10.16,366,1300,1671,2557,1811,890,1014,1165,1533,944
"sz",1,20141015,93730,10.11,1,25275,25,"S",10.11,10.1,10.09,10.08,10.07,10.12,10.13,10.14,10.15,10.16,371,1370,1671,2557,1811,890,1014,1165,1533,944
"sz",1,20141015,93736,10.11,2,9099,9,"S",10.11,10.1,10.09,10.08,10.07,10.12,10.13,10.14,10.15,10.16,437,1719,1671,2539,1811,874,1014,1165,1533,944
"sz",1,20141015,93741,10.12,9,300777,297,"B",10.11,10.1,10.09,10.08,10.07,10.12,10.13,10.14,10.15,10.16,452,1719,1671,2539,1823,577,1014,1165,1533,944
"sz",1,20141015,93748,10.12,3,25300,25,"B",10.11,10.1,10.09,10.08,10.07,10.12,10.13,10.14,10.15,10.16,903,1819,1671,2739,1853,562,898,1165,1533,944
"sz",1,20141015,93751,10.12,7,348800,345,"B",10.11,10.1,10.09,10.08,10.07,10.12,10.13,10.14,10.15,10.16,573,1819,1671,2739,1853,557,898,1165,1533,944
"sz",1,20141015,93754,10.12,10,482724,477,"B",10.11,10.1,10.09,10.08,10.07,10.12,10.13,10.14,10.15,10.16,573,1829,1671,2739,1853,81,898,1165,1533,944
"sz",1,20141015,93803,10.11,1,12132,12,"S",10.11,10.1,10.09,10.08,10.07,10.12,10.13,10.14,10.15,10.16,1227,1879,1671,2739,1853,81,898,1165,1533,944
"sz",1,20141015,93812,10.11,10,84218,84,"S",10.11,10.1,10.09,10.08,10.07,10.12,10.13,10.14,10.15,10.16,1539,1923,1671,2739,1853,22,1023,744,1558,944
"sz",1,20141015,93815,10.12,4,29227,28,"B",10.12,10.11,10.1,10.09,10.08,10.13,10.14,10.15,10.16,10.17,381,1606,1953,1671,2739,1023,744,1543,944,843
"sz",1,20141015,93818,10.12,2,22405,23,"S",10.12,10.11,10.1,10.09,10.08,10.13,10.14,10.15,10.16,10.17,368,1606,1999,1671,2739,1023,744,1543,944,843
"sz",1,20141015,93824,10.12,1,101200,100,"S",10.12,10.11,10.1,10.09,10.08,10.13,10.14,10.15,10.16,10.17,314,1606,2019,1671,2739,1023,744,1562,944,843
"sz",1,20141015,93830,10.11,15,429996,425,"S",10.12,10.11,10.1,10.09,10.08,10.13,10.14,10.15,10.16,10.17,7,1507,1875,1671,2769,1023,744,1562,1344,843
"sz",1,20141015,93833,10.12,3,9108,9,"S",10.11,10.1,10.09,10.08,10.07,10.12,10.13,10.14,10.15,10.16,1507,1843,1671,2774,1853,217,1023,744,1562,1364
"sz",1,20141015,93836,10.12,3,229724,227,"B",10.12,10.11,10.1,10.09,10.08,10.13,10.14,10.15,10.16,10.17,474,1507,1843,1639,2774,1023,886,1562,1364,843
"sz",1,20141015,93839,10.13,3,225699,223,"B",10.12,10.11,10.1,10.09,10.08,10.13,10.14,10.15,10.16,10.17,450,1515,1843,1639,2774,1052,896,1562,1364,843
"sz",1,20141015,93844,10.12,1,30360,30,"S",10.12,10.11,10.1,10.09,10.08,10.13,10.14,10.15,10.16,10.17,536,1555,1843,1639,2774,1082,887,1562,1354,843
"sz",1,20141015,93851,10.12,1,70840,70,"S",10.12,10.11,10.1,10.09,10.08,10.13,10.14,10.15,10.16,10.17,474,1581,1843,1639,2774,1105,882,1562,1354,843
"sz",1,20141015,93854,10.12,3,27339,27,"S",10.12,10.11,10.1,10.09,10.08,10.13,10.14,10.15,10.16,10.17,462,1581,1838,1639,2774,1090,882,1672,1354,843
"sz",1,20141015,93857,10.12,22,1134470,1120,"S",10.12,10.11,10.1,10.09,10.08,10.13,10.14,10.15,10.16,10.17,414,1581,1961,1639,2774,60,882,1662,1354,843
"sz",1,20141015,93859,10.12,1,20240,20,"S",10.12,10.11,10.1,10.09,10.08,10.13,10.14,10.15,10.16,10.17,394,1591,1961,1639,2774,60,912,1662,1354,843
"sz",1,20141015,93903,10.12,2,30492,30,"S",10.12,10.11,10.1,10.09,10.08,10.13,10.14,10.15,10.16,10.17,363,1735,1973,1463,2774,60,912,1662,1354,843
"sz",1,20141015,93906,10.13,2,23299,23,"B",10.12,10.11,10.1,10.09,10.08,10.13,10.14,10.15,10.16,10.17,388,1790,1982,1463,2774,37,912,1662,1354,843
"sz",1,20141015,93918,10.13,1,3039,3,"B",10.12,10.11,10.1,10.09,10.08,10.13,10.14,10.15,10.16,10.17,699,1805,1965,1463,2803,355,972,1662,1354,843
"sz",1,20141015,93921,10.12,4,56672,56,"S",10.12,10.11,10.1,10.09,10.08,10.13,10.14,10.15,10.16,10.17,913,1805,1965,1463,2803,374,1042,1662,1354,843
"sz",1,20141015,93924,10.12,4,88753,87,"S",10.12,10.11,10.1,10.09,10.08,10.13,10.14,10.15,10.16,10.17,950,1805,1965,1463,2703,354,1042,1662,1354,843
"sz",1,20141015,93927,10.13,4,35454,35,"B",10.12,10.11,10.1,10.09,10.08,10.13,10.14,10.15,10.16,10.17,951,1805,2181,1463,2703,357,1065,1662,1354,843
"sz",1,20141015,93930,10.13,5,248186,245,"B",10.12,10.11,10.1,10.09,10.08,10.13,10.14,10.15,10.16,10.17,951,1835,2181,1463,2706,177,1067,1662,1354,843
"sz",1,20141015,93933,10.13,5,70852,70,"B",10.12,10.11,10.1,10.09,10.08,10.13,10.14,10.15,10.16,10.17,887,2035,2192,1463,2706,244,1067,1682,1334,843
"sz",1,20141015,93936,10.12,3,19440,20,"S",10.12,10.11,10.1,10.09,10.08,10.13,10.14,10.15,10.16,10.17,874,2035,2212,1463,2706,244,1067,1682,1334,843
"sz",1,20141015,93942,10.13,2,10372,10,"B",10.12,10.11,10.1,10.09,10.08,10.13,10.14,10.15,10.16,10.17,874,2262,2193,1463,2706,650,1267,1782,1334,843
"sz",1,20141015,93945,10.12,16,413296,408,"S",10.12,10.11,10.1,10.09,10.08,10.13,10.14,10.15,10.16,10.17,915,2262,2193,1463,2706,261,1257,1782,1354,843
"sz",1,20141015,93948,10.12,3,28336,28,"S",10.12,10.11,10.1,10.09,10.08,10.13,10.14,10.15,10.16,10.17,888,2262,2198,1453,2706,270,1257,1782,1354,843
"sz",1,20141015,93951,10.12,1,7288,7,"S",10.12,10.11,10.1,10.09,10.08,10.13,10.14,10.15,10.16,10.17,887,2217,2198,1453,2706,375,1257,1782,1354,843
"sz",1,20141015,93954,10.13,11,471792,466,"B",10.13,10.12,10.11,10.1,10.09,10.14,10.15,10.16,10.17,10.18,564,884,2227,2398,1453,1257,1782,1354,843,2771
"sz",1,20141015,93957,10.13,4,216790,214,"S",10.13,10.12,10.11,10.1,10.09,10.14,10.15,10.16,10.17,10.18,357,1011,2227,2398,1453,1250,1782,1354,842,2771
"sz",1,20141015,93959,10.13,3,67870,67,"S",10.13,10.12,10.11,10.1,10.09,10.14,10.15,10.16,10.17,10.18,290,1011,2227,2358,1453,1250,1782,1354,842,2775
"sz",1,20141015,94001,10.13,1,10132,10,"S",10.13,10.12,10.11,10.1,10.09,10.14,10.15,10.16,10.17,10.18,280,1011,2227,2358,1453,1250,1782,1354,842,2775
"sz",1,20141015,94009,10.13,4,107524,106,"S",10.13,10.12,10.11,10.1,10.09,10.14,10.15,10.16,10.17,10.18,196,1083,2237,2322,1464,1317,1797,1374,842,2775
"sz",1,20141015,94012,10.14,3,129908,128,"B",10.13,10.12,10.11,10.1,10.09,10.14,10.15,10.16,10.17,10.18,184,1083,2237,2322,1464,1301,1797,1374,842,2775
"sz",1,20141015,94015,10.14,2,22308,22,"B",10.13,10.12,10.11,10.1,10.09,10.14,10.15,10.16,10.17,10.18,239,993,2237,2382,1464,1279,1797,1374,842,2775
"sz",1,20141015,94018,10.13,2,10130,10,"S",10.13,10.12,10.11,10.1,10.09,10.14,10.15,10.16,10.17,10.18,229,993,2237,2382,1464,1404,1797,1374,889,2775
"sz",1,20141015,94024,10.14,6,98310,97,"B",10.13,10.12,10.11,10.1,10.09,10.14,10.15,10.16,10.17,10.18,251,1003,2256,2382,1464,1361,1797,1374,1310,2775
"sz",1,20141015,94027,10.14,3,11156,11,"B",10.13,10.12,10.11,10.1,10.09,10.14,10.15,10.16,10.17,10.18,251,1008,2056,2382,1464,1361,1797,1389,1310,2775
"sz",1,20141015,94030,10.13,4,25324,25,"S",10.13,10.12,10.11,10.1,10.09,10.14,10.15,10.16,10.17,10.18,246,1008,2056,2182,1464,1379,1802,1389,1349,2905
"sz",1,20141015,94033,10.13,3,47652,47,"S",10.13,10.12,10.11,10.1,10.09,10.14,10.15,10.16,10.17,10.18,244,1008,2056,2183,1484,1400,1802,1389,1349,2905
"sz",1,20141015,94036,10.13,5,153104,151,"S",10.13,10.12,10.11,10.1,10.09,10.14,10.15,10.16,10.17,10.18,234,1008,2056,2166,1484,1259,1818,1389,1359,2879
"sz",1,20141015,94045,10.14,3,71948,71,"B",10.13,10.12,10.11,10.1,10.09,10.14,10.15,10.16,10.17,10.18,212,1021,2056,2196,1492,1300,1848,1389,1379,2879
"sz",1,20141015,94048,10.13,6,92240,91,"S",10.13,10.12,10.11,10.1,10.09,10.14,10.15,10.16,10.17,10.18,372,1051,2056,2196,1592,1265,1868,1389,1379,2879
"sz",1,20141015,94051,10.13,2,10132,10,"S",10.13,10.12,10.11,10.1,10.09,10.14,10.15,10.16,10.17,10.18,467,1056,2056,2206,1592,1265,1868,1389,2416,2884
"sz",1,20141015,94054,10.14,1,17236,17,"B",10.13,10.12,10.11,10.1,10.09,10.14,10.15,10.16,10.17,10.18,517,1056,2056,2206,1592,1590,1868,1389,2416,2884
"sz",1,20141015,94057,10.13,2,55766,55,"S",10.13,10.12,10.11,10.1,10.09,10.14,10.15,10.16,10.17,10.18,518,1066,2056,2206,1592,1567,1868,1389,2416,2884
"sz",1,20141015,94100,10.13,6,48624,48,"S",10.13,10.12,10.11,10.1,10.09,10.14,10.15,10.16,10.17,10.18,1476,1066,2056,2108,1592,1567,1868,1409,2416,2884
"sz",1,20141015,94102,10.13,10,118528,117,"S",10.13,10.12,10.11,10.1,10.09,10.14,10.15,10.16,10.17,10.18,1373,1079,2056,2108,1581,1560,1868,1409,2416,2884
"sz",1,20141015,94106,10.14,4,136178,135,"B",10.13,10.12,10.11,10.1,10.09,10.14,10.15,10.16,10.17,10.18,1259,1079,2107,2108,1581,1540,1878,1419,2416,2894
"sz",1,20141015,94109,10.13,5,109508,108,"S",10.13,10.12,10.11,10.1,10.09,10.14,10.15,10.16,10.17,10.18,1257,1079,2107,2108,1581,1434,1878,1419,2436,2894
"sz",1,20141015,94112,10.13,1,70912,70,"S",10.13,10.12,10.11,10.1,10.09,10.14,10.15,10.16,10.17,10.18,1187,1179,2107,2113,1581,1333,1878,1419,2436,2914
"sz",1,20141015,94115,10.14,3,10870,10,"B",10.13,10.12,10.11,10.1,10.09,10.14,10.15,10.16,10.17,10.18,1187,1179,2107,2113,1581,1398,1878,1419,2436,2923
"sz",1,20141015,94118,10.14,9,133842,132,"B",10.13,10.12,10.11,10.1,10.09,10.14,10.15,10.16,10.17,10.18,1230,1184,2107,2123,1581,1279,1878,1729,2436,4163
"sz",1,20141015,94121,10.14,17,638938,630,"B",10.13,10.12,10.11,10.1,10.09,10.14,10.15,10.16,10.17,10.18,1140,1194,2507,2123,1581,750,1878,1629,2436,4163
"sz",1,20141015,94124,10.13,2,10130,10,"S",10.13,10.12,10.11,10.1,10.09,10.14,10.15,10.16,10.17,10.18,1150,1206,2507,2093,1502,764,1878,1629,2436,4163
"sz",1,20141015,94127,10.14,2,18252,18,"B",10.13,10.12,10.11,10.1,10.09,10.14,10.15,10.16,10.17,10.18,1150,1206,2507,2100,1502,777,1878,1629,2436,4163
"sz",1,20141015,94130,10.13,3,69896,69,"S",10.13,10.12,10.11,10.1,10.09,10.14,10.15,10.16,10.17,10.18,1081,1201,2507,2100,1502,826,1878,1629,2436,4163
"sz",1,20141015,94136,10.14,4,185448,183,"B",10.13,10.12,10.11,10.1,10.09,10.14,10.15,10.16,10.17,10.18,1015,1201,2507,2117,1502,833,1918,1529,2456,4163
"sz",1,20141015,94139,10.14,8,121680,120,"B",10.13,10.12,10.11,10.1,10.09,10.14,10.15,10.16,10.17,10.18,1015,1201,2507,2117,1502,814,2185,1529,2456,4173
"sz",1,20141015,94142,10.13,11,283902,280,"S",10.13,10.12,10.11,10.1,10.09,10.14,10.15,10.16,10.17,10.18,1047,1131,2507,2129,1502,552,2185,1517,2461,4173
"sz",1,20141015,94145,10.13,1,19246,19,"S",10.13,10.12,10.11,10.1,10.09,10.14,10.15,10.16,10.17,10.18,1028,1131,2514,2129,1502,610,2185,1517,2461,4173
"sz",1,20141015,94148,10.13,4,876348,866,"S",10.13,10.12,10.11,10.1,10.09,10.14,10.15,10.16,10.17,10.18,163,1068,2514,2129,1502,612,2385,1517,2461,4173
"sz",1,20141015,94151,10.14,3,56784,56,"B",10.13,10.12,10.11,10.1,10.09,10.14,10.15,10.16,10.17,10.18,173,1068,2514,2129,1482,659,2395,1517,2466,4173
"sz",1,20141015,94154,10.13,4,38520,38,"S",10.13,10.12,10.11,10.1,10.09,10.14,10.15,10.16,10.17,10.18,162,1068,2049,2229,1482,663,2395,2523,2466,4186
"sz",1,20141015,94200,10.14,1,10140,10,"B",10.13,10.12,10.11,10.1,10.09,10.14,10.15,10.16,10.17,10.18,162,1068,2084,2229,1482,794,2941,2523,2466,4169
"sz",1,20141015,94209,10.13,9,169626,167,"S",10.12,10.11,10.1,10.09,10.08,10.13,10.14,10.15,10.16,10.17,1048,2084,2289,1482,3382,32,1116,3017,2625,2531
"sz",1,20141015,94212,10.14,4,63850,63,"B",10.12,10.11,10.1,10.09,10.08,10.13,10.14,10.15,10.16,10.17,1058,2084,2289,1482,3382,9,1181,3017,2625,2531
"sz",1,20141015,94215,10.14,3,11286,11,"B",10.13,10.12,10.11,10.1,10.09,10.14,10.15,10.16,10.17,10.18,64,1066,2084,2295,1482,3567,3027,2625,2531,4219
"sz",1,20141015,94218,10.13,11,243826,241,"S",10.12,10.11,10.1,10.09,10.08,10.13,10.14,10.15,10.16,10.17,908,2084,2305,1482,3398,423,3684,3027,2625,2531
"sz",1,20141015,94224,10.13,2,85092,84,"B",10.12,10.11,10.1,10.09,10.08,10.13,10.14,10.15,10.16,10.17,931,2084,2305,1482,3398,339,4172,3041,2625,2653
"sz",1,20141015,94227,10.13,1,81040,80,"B",10.12,10.11,10.1,10.09,10.08,10.13,10.14,10.15,10.16,10.17,947,2084,2303,1482,3403,301,4172,3051,2645,2663
"sz",1,20141015,94230,10.13,1,20260,20,"B",10.12,10.11,10.1,10.09,10.08,10.13,10.14,10.15,10.16,10.17,948,2084,2303,1482,3403,314,4794,3051,2665,2663
"sz",1,20141015,94233,10.12,4,43764,43,"S",10.12,10.11,10.1,10.09,10.08,10.13,10.14,10.15,10.16,10.17,906,2078,2330,1482,3403,364,4893,3051,2665,2663
"sz",1,20141015,94236,10.14,19,506636,500,"B",10.12,10.11,10.1,10.09,10.08,10.13,10.14,10.15,10.16,10.17,900,2078,2330,1481,3403,74,4768,3051,2655,2663
"sz",1,20141015,94239,10.12,5,271820,269,"S",10.12,10.11,10.1,10.09,10.08,10.13,10.14,10.15,10.16,10.17,1638,2078,2350,1481,3403,91,4882,3045,2696,2763
"sz",1,20141015,94242,10.13,2,19246,19,"B",10.12,10.11,10.1,10.09,10.08,10.13,10.14,10.15,10.16,10.17,1638,2078,2351,1481,3403,138,4882,3045,2696,2763
"sz",1,20141015,94248,10.13,8,267438,264,"B",10.13,10.12,10.11,10.1,10.09,10.14,10.15,10.16,10.17,10.18,42,1693,2088,2361,1481,4927,3045,2696,2763,4235
"sz",1,20141015,94251,10.13,23,512940,506,"S",10.12,10.11,10.1,10.09,10.08,10.13,10.14,10.15,10.16,10.17,1430,2088,2361,1481,3403,10,4737,3045,2696,2763
"sz",1,20141015,94254,10.13,4,11144,11,"B",10.12,10.11,10.1,10.09,10.08,10.13,10.14,10.15,10.16,10.17,1430,2089,2361,1501,3403,37,4759,3040,2696,2763
"sz",1,20141015,94300,10.13,5,82052,81,"B",10.13,10.12,10.11,10.1,10.09,10.14,10.15,10.16,10.17,10.18,82,1430,2089,2401,1506,4759,2930,2686,2763,4254
"sz",1,20141015,94302,10.13,2,51664,51,"S",10.13,10.12,10.11,10.1,10.09,10.14,10.15,10.16,10.17,10.18,37,1430,2089,2351,1507,4779,2930,2686,2763,4424
"sz",1,20141015,94306,10.13,6,57740,57,"S",10.12,10.11,10.1,10.09,10.08,10.13,10.14,10.15,10.16,10.17,1430,2079,2356,1507,3403,5,4887,2930,2686,2763
"sz",1,20141015,94309,10.12,5,48580,48,"S",10.12,10.11,10.1,10.09,10.08,10.13,10.14,10.15,10.16,10.17,1405,2079,2312,1507,3403,267,4887,2930,2686,3043
"sz",1,20141015,94312,10.13,2,10130,10,"B",10.12,10.11,10.1,10.09,10.08,10.13,10.14,10.15,10.16,10.17,1405,2079,2312,1507,3403,472,5278,2930,2686,3043
"sz",1,20141015,94315,10.13,4,25326,25,"B",10.12,10.11,10.1,10.09,10.08,10.13,10.14,10.15,10.16,10.17,1405,2099,2312,1501,3403,447,5278,2930,2686,3043
"sz",1,20141015,94320,10.13,2,3038,3,"B",10.12,10.11,10.1,10.09,10.08,10.13,10.14,10.15,10.16,10.17,1411,2109,2313,1501,3403,684,5288,2925,2686,3043
"sz",1,20141015,94324,10.13,1,50650,50,"B",10.12,10.11,10.1,10.09,10.08,10.13,10.14,10.15,10.16,10.17,1421,2109,2313,1501,3403,653,5368,2932,2686,3043
"sz",1,20141015,94327,10.13,3,44572,44,"B",10.12,10.11,10.1,10.09,10.08,10.13,10.14,10.15,10.16,10.17,1421,2109,2342,1483,3403,727,5381,2937,2686,3043
"sz",1,20141015,94329,10.12,1,5060,5,"S",10.12,10.11,10.1,10.09,10.08,10.13,10.14,10.15,10.16,10.17,1416,2109,2342,1483,3429,777,5381,2937,2716,3043
"sz",1,20141015,94333,10.13,3,108388,107,"B",10.12,10.11,10.1,10.09,10.08,10.13,10.14,10.15,10.16,10.17,1563,2109,2342,1483,3429,673,5375,2937,2716,3003
"sz",1,20141015,94336,10.12,1,212,0,"B",10.12,10.11,10.1,10.09,10.08,10.13,10.14,10.15,10.16,10.17,1589,2089,2342,1483,3429,703,5375,2937,2716,3003
"sz",1,20141015,94338,10.13,2,6078,6,"B",10.12,10.11,10.1,10.09,10.08,10.13,10.14,10.15,10.16,10.17,1583,2089,2342,1483,3429,811,5385,2937,2716,3003
"sz",1,20141015,94341,10.12,1,10120,10,"S",10.12,10.11,10.1,10.09,10.08,10.13,10.14,10.15,10.16,10.17,1603,2089,2342,1483,3429,843,5385,2929,2716,3023
"sz",1,20141015,94345,10.12,5,112082,111,"S",10.12,10.11,10.1,10.09,10.08,10.13,10.14,10.15,10.16,10.17,1598,2089,2342,1483,3429,794,5375,2929,2716,3023
"sz",1,20141015,94351,10.13,1,10130,10,"B",10.12,10.11,10.1,10.09,10.08,10.13,10.14,10.15,10.16,10.17,1604,2589,2342,1483,3429,884,5375,2929,2716,3023
"sz",1,20141015,94357,10.13,1,5066,5,"B",10.12,10.11,10.1,10.09,10.08,10.13,10.14,10.15,10.16,10.17,1859,2589,2492,1483,3389,916,6213,2929,2716,3023
"sz",1,20141015,94400,10.13,4,265404,262,"B",10.12,10.11,10.1,10.09,10.08,10.13,10.14,10.15,10.16,10.17,1859,2644,2492,1483,3389,804,6213,2929,2716,3023
"sz",1,20141015,94403,10.13,22,389626,385,"B",10.12,10.11,10.1,10.09,10.08,10.13,10.14,10.15,10.16,10.17,1495,2644,2497,1483,3389,808,6280,2929,2716,3023
"sz",1,20141015,94406,10.12,2,30532,30,"S",10.12,10.11,10.1,10.09,10.08,10.13,10.14,10.15,10.16,10.17,1515,2644,2497,1483,3389,862,6290,2929,2716,3023
"sz",1,20141015,94409,10.13,2,16208,16,"B",10.12,10.11,10.1,10.09,10.08,10.13,10.14,10.15,10.16,10.17,1509,2655,2530,1483,3389,856,6290,2929,2710,3023
"sz",1,20141015,94412,10.13,2,20260,20,"B",10.12,10.11,10.1,10.09,10.08,10.13,10.14,10.15,10.16,10.17,1509,2655,2530,1483,3389,1111,6290,3049,2710,3023
"sz",1,20141015,94414,10.13,7,87116,86,"B",10.12,10.11,10.1,10.09,10.08,10.13,10.14,10.15,10.16,10.17,1507,2655,2529,1483,3389,1062,6273,3049,2710,3023
"sz",1,20141015,94420,10.13,1,7090,7,"B",10.12,10.11,10.1,10.09,10.08,10.13,10.14,10.15,10.16,10.17,1500,2655,2539,1483,3389,1127,6373,3049,2605,3023
"sz",1,20141015,94423,10.12,1,224,0,"B",10.12,10.11,10.1,10.09,10.08,10.13,10.14,10.15,10.16,10.17,1500,2655,2539,1483,3389,1481,6393,3049,2605,3023
"sz",1,20141015,94436,10.13,2,25324,25,"B",10.12,10.11,10.1,10.09,10.08,10.13,10.14,10.15,10.16,10.17,1508,2655,2541,1483,3399,1655,6364,3049,2625,3023
"sz",1,20141015,94442,10.13,2,13170,13,"B",10.12,10.11,10.1,10.09,10.08,10.13,10.14,10.15,10.16,10.17,1535,2655,2547,1485,3399,1680,6314,3049,2625,3023
"sz",1,20141015,94445,10.13,16,904210,893,"B",10.12,10.11,10.1,10.09,10.08,10.13,10.14,10.15,10.16,10.17,1155,2655,2547,1493,3400,1317,6314,2949,2625,3023
"sz",1,20141015,94450,10.13,11,338340,334,"B",10.12,10.11,10.1,10.09,10.08,10.13,10.14,10.15,10.16,10.17,1166,2655,2536,1493,3400,989,6414,2892,2625,3023
"sz",1,20141015,94454,10.12,1,220992,219,"S",10.12,10.11,10.1,10.09,10.08,10.13,10.14,10.15,10.16,10.17,948,2655,2536,1493,3400,989,6434,2892,2625,3023
"sz",1,20141015,94457,10.13,1,3038,3,"B",10.12,10.11,10.1,10.09,10.08,10.13,10.14,10.15,10.16,10.17,948,2655,2536,1493,3400,996,6429,2892,2645,3023
"sz",1,20141015,94503,10.13,1,7090,7,"B",10.12,10.11,10.1,10.09,10.08,10.13,10.14,10.15,10.16,10.17,953,2661,2536,1493,3400,959,6427,2892,2645,3023
"sz",1,20141015,94506,10.12,4,78734,78,"S",10.12,10.11,10.1,10.09,10.08,10.13,10.14,10.15,10.16,10.17,887,2651,2536,1493,3400,1028,5790,2892,2645,3023
"sz",1,20141015,94509,10.12,3,129586,128,"S",10.12,10.11,10.1,10.09,10.08,10.13,10.14,10.15,10.16,10.17,809,2651,2536,1493,3400,902,5790,2892,2645,3023
"sz",1,20141015,94512,10.12,27,839344,829,"S",10.11,10.1,10.09,10.08,10.07,10.12,10.13,10.14,10.15,10.16,2651,2539,1493,3400,1939,725,922,5790,2892,2645
"sz",1,20141015,94515,10.12,1,25300,25,"B",10.11,10.1,10.09,10.08,10.07,10.12,10.13,10.14,10.15,10.16,2651,2539,1493,3340,1939,769,922,5790,2892,2645
"sz",1,20141015,94523,10.12,1,20240,20,"B",10.11,10.1,10.09,10.08,10.07,10.12,10.13,10.14,10.15,10.16,2636,2533,1493,3340,1939,759,939,5796,2892,2665
"sz",1,20141015,94527,10.12,1,1012,1,"B",10.11,10.1,10.09,10.08,10.07,10.12,10.13,10.14,10.15,10.16,2633,2553,1493,3340,1939,758,939,5796,2892,2665
"sz",1,20141015,94530,10.12,5,503784,498,"B",10.11,10.1,10.09,10.08,10.07,10.12,10.13,10.14,10.15,10.16,2448,2553,1493,3340,1939,452,1124,5796,2892,2665
"sz",1,20141015,94533,10.11,1,212,0,"B",10.11,10.1,10.09,10.08,10.07,10.12,10.13,10.14,10.15,10.16,3440,2503,1493,3375,1939,452,1124,5796,2892,2672
"sz",1,20141015,94536,10.11,3,370376,366,"S",10.11,10.1,10.09,10.08,10.07,10.12,10.13,10.14,10.15,10.16,3420,2503,1493,3375,1939,103,1224,5816,2892,2672
"sz",1,20141015,94539,10.12,1,8096,8,"B",10.11,10.1,10.09,10.08,10.07,10.12,10.13,10.14,10.15,10.16,3405,2503,1493,3375,1939,145,1224,5806,2892,2672
"sz",1,20141015,94548,10.12,1,10120,10,"B",10.11,10.1,10.09,10.08,10.07,10.12,10.13,10.14,10.15,10.16,3205,2493,1493,3375,1939,295,1161,5806,2892,2672
"sz",1,20141015,94551,10.12,1,5060,5,"B",10.11,10.1,10.09,10.08,10.07,10.12,10.13,10.14,10.15,10.16,3244,2497,1493,3375,1939,310,1161,5806,2892,2672
"sz",1,20141015,94554,10.11,1,10108,10,"S",10.11,10.1,10.09,10.08,10.07,10.12,10.13,10.14,10.15,10.16,3249,2499,1493,3390,1939,340,1172,5806,2892,2672
"sz",1,20141015,94557,10.12,5,323540,320,"B",10.11,10.1,10.09,10.08,10.07,10.12,10.13,10.14,10.15,10.16,2949,2451,1493,3390,1939,358,1182,5779,2892,2672
"sz",1,20141015,94600,10.12,2,30360,30,"B",10.11,10.1,10.09,10.08,10.07,10.12,10.13,10.14,10.15,10.16,2949,2451,1493,3390,1939,328,1182,5779,2873,2672
"sz",1,20141015,94606,10.12,7,138626,137,"B",10.11,10.1,10.09,10.08,10.07,10.12,10.13,10.14,10.15,10.16,2936,2451,1493,3390,1934,252,1185,5779,2862,2672
"sz",1,20141015,94609,10.12,2,23276,23,"B",10.11,10.1,10.09,10.08,10.07,10.12,10.13,10.14,10.15,10.16,2939,2461,1493,3390,1934,349,1185,5779,2862,2672
"sz",1,20141015,94612,10.11,2,20382,20,"S",10.11,10.1,10.09,10.08,10.07,10.12,10.13,10.14,10.15,10.16,2927,2451,1493,3390,1934,329,1209,5779,2862,2672
"sz",1,20141015,94615,10.11,1,222,1,"S",10.11,10.1,10.09,10.08,10.07,10.12,10.13,10.14,10.15,10.16,2927,2451,1493,3390,1934,334,1369,5779,2862,2672
"sz",1,20141015,94621,10.12,1,2024,2,"B",10.11,10.1,10.09,10.08,10.07,10.12,10.13,10.14,10.15,10.16,2927,2451,1493,3410,1934,600,1369,5835,2862,2672
"sz",1,20141015,94624,10.11,20,1221288,1208,"S",10.11,10.1,10.09,10.08,10.07,10.12,10.13,10.14,10.15,10.16,1733,2451,1493,3410,1934,1049,1499,5835,2843,2682
"sz",1,20141015,94627,10.11,19,1752346,1733,"S",10.1,10.09,10.08,10.07,10.06,10.11,10.12,10.13,10.14,10.15,2471,1493,3443,1934,2551,377,1049,1499,5835,2843
"sz",1,20141015,94630,10.11,2,168836,167,"B",10.1,10.09,10.08,10.07,10.06,10.11,10.12,10.13,10.14,10.15,2471,1513,3443,1934,2551,310,1149,1499,5835,2843
"sz",1,20141015,94635,10.1,3,53574,53,"S",10.1,10.09,10.08,10.07,10.06,10.11,10.12,10.13,10.14,10.15,2489,1516,3473,1934,2559,582,1649,1369,5883,2843
"sz",1,20141015,94639,10.1,2,111110,110,"S",10.1,10.09,10.08,10.07,10.06,10.11,10.12,10.13,10.14,10.15,2389,1516,3473,1949,2559,572,1640,1369,5883,2843
"sz",1,20141015,94645,10.11,1,46506,46,"B",10.1,10.09,10.08,10.07,10.06,10.11,10.12,10.13,10.14,10.15,2135,1506,3473,1979,2579,787,1640,1369,5894,2843
"sz",1,20141015,94647,10.1,1,22220,22,"S",10.1,10.09,10.08,10.07,10.06,10.11,10.12,10.13,10.14,10.15,2113,1486,3473,1979,2579,787,1640,1369,5894,2843
"sz",1,20141015,94651,10.11,3,6066,6,"B",10.1,10.09,10.08,10.07,10.06,10.11,10.12,10.13,10.14,10.15,2095,1456,3473,1979,2579,791,1640,1369,5894,2843
"sz",1,20141015,94654,10.1,4,110096,109,"S",10.1,10.09,10.08,10.07,10.06,10.11,10.12,10.13,10.14,10.15,1970,1462,3473,1989,2579,786,1760,1392,5894,2849
"sz",1,20141015,94700,10.1,3,125240,124,"S",10.1,10.09,10.08,10.07,10.06,10.11,10.12,10.13,10.14,10.15,1866,1462,3473,2005,2579,866,1740,1387,5894,2849
"sz",1,20141015,94703,10.1,5,237552,235,"S",10.1,10.09,10.08,10.07,10.06,10.11,10.12,10.13,10.14,10.15,1803,1462,3478,2005,2579,666,1740,1387,5894,2849
"sz",1,20141015,94706,10.11,8,69840,69,"B",10.1,10.09,10.08,10.07,10.06,10.11,10.12,10.13,10.14,10.15,1743,1465,3472,2005,2579,673,1740,1387,5894,2849
"sz",1,20141015,94712,10.1,3,55812,55,"S",10.1,10.09,10.08,10.07,10.06,10.11,10.12,10.13,10.14,10.15,1712,1472,3492,2005,2879,360,1745,1417,5794,2849
"sz",1,20141015,94714,10.11,3,77844,77,"B",10.1,10.09,10.08,10.07,10.06,10.11,10.12,10.13,10.14,10.15,1748,1472,3513,2005,2780,288,1745,1417,5794,2849
"sz",1,20141015,94717,10.11,12,397928,394,"B",10.11,10.1,10.09,10.08,10.07,10.12,10.13,10.14,10.15,10.16,223,1748,1472,3543,2005,1745,1387,5794,2849,2682
"sz",1,20141015,94721,10.11,2,4044,4,"S",10.11,10.1,10.09,10.08,10.07,10.12,10.13,10.14,10.15,10.16,276,1748,1472,3543,2005,1737,1387,5814,2849,2682
"sz",1,20141015,94724,10.11,1,17188,17,"S",10.11,10.1,10.09,10.08,10.07,10.12,10.13,10.14,10.15,10.16,359,1813,1470,3543,2005,1737,1387,5814,2849,2682
"sz",1,20141015,94726,10.11,2,16176,16,"S",10.11,10.1,10.09,10.08,10.07,10.12,10.13,10.14,10.15,10.16,345,1813,1470,3543,2005,1737,1407,5814,2849,2682
"sz",1,20141015,94730,10.11,8,369416,365,"S",10.1,10.09,10.08,10.07,10.06,10.11,10.12,10.13,10.14,10.15,1849,1459,3543,2015,2790,110,1737,1472,5814,2849
"sz",1,20141015,94733,10.12,3,119308,118,"B",10.1,10.09,10.08,10.07,10.06,10.12,10.13,10.14,10.15,10.16,1790,1459,3543,2015,2795,1730,1481,5814,2849,2682
"sz",1,20141015,94745,10.1,3,20220,20,"S",10.1,10.09,10.08,10.07,10.06,10.12,10.13,10.14,10.15,10.16,1670,1467,3546,2015,2795,1259,1506,5874,2944,2682
"sz",1,20141015,94748,10.11,15,301992,299,"B",10.1,10.09,10.08,10.07,10.06,10.11,10.12,10.13,10.14,10.15,1375,1469,3646,2015,2795,37,1259,1506,5874,2944
"sz",1,20141015,94751,10.1,9,130344,129,"S",10.1,10.09,10.08,10.07,10.06,10.11,10.12,10.13,10.14,10.15,1299,1469,3646,2015,2795,350,1259,1506,5874,2944
"sz",1,20141015,94754,10.11,3,10112,10,"B",10.1,10.09,10.08,10.07,10.06,10.11,10.12,10.13,10.14,10.15,1294,1467,3646,2015,2795,386,1281,1506,5874,2944
"sz",1,20141015,94757,10.1,4,22220,22,"S",10.1,10.09,10.08,10.07,10.06,10.11,10.12,10.13,10.14,10.15,1269,1467,3646,2015,2795,384,901,1526,5848,2944
"sz",1,20141015,94800,10.11,1,13144,13,"B",10.1,10.09,10.08,10.07,10.06,10.11,10.12,10.13,10.14,10.15,2358,1467,3646,2015,2795,871,901,1461,5848,2944
"sz",1,20141015,94806,10.11,22,384812,381,"B",10.1,10.09,10.08,10.07,10.06,10.11,10.12,10.13,10.14,10.15,2010,1477,3646,2015,2815,375,603,1461,5841,2934
"sz",1,20141015,94809,10.1,9,279976,277,"S",10.1,10.09,10.08,10.07,10.06,10.11,10.12,10.13,10.14,10.15,2007,1477,3646,2015,2815,193,1173,1478,5841,2934
"sz",1,20141015,94812,10.11,1,3032,3,"B",10.1,10.09,10.08,10.07,10.06,10.11,10.12,10.13,10.14,10.15,2047,1477,3646,2015,2815,190,1173,1478,5841,2934
"sz",1,20141015,94815,10.11,8,232532,230,"B",10.11,10.1,10.09,10.08,10.07,10.12,10.13,10.14,10.15,10.16,770,2030,1482,3646,1995,1253,1478,5841,2834,2720
"sz",1,20141015,94821,10.11,6,254916,252,"S",10.11,10.1,10.09,10.08,10.07,10.12,10.13,10.14,10.15,10.16,522,2156,1482,3696,1995,1268,1513,5695,2834,2770
"sz",1,20141015,94824,10.12,3,222312,220,"B",10.11,10.1,10.09,10.08,10.07,10.12,10.13,10.14,10.15,10.16,307,2156,1532,3713,1995,800,1513,5695,2834,2770
"sz",1,20141015,94827,10.11,1,20220,20,"S",10.11,10.1,10.09,10.08,10.07,10.12,10.13,10.14,10.15,10.16,317,2192,1532,3713,1995,800,1513,5695,2834,2770
"sz",1,20141015,94830,10.12,7,142668,141,"B",10.11,10.1,10.09,10.08,10.07,10.12,10.13,10.14,10.15,10.16,30,2192,1532,3713,2118,563,1513,5695,2834,2770
"sz",1,20141015,94833,10.11,1,17188,17,"S",10.11,10.1,10.09,10.08,10.07,10.12,10.13,10.14,10.15,10.16,19,2224,1534,3713,2118,563,1513,5695,2824,2770
"sz",1,20141015,94836,10.12,8,140568,139,"B",10.1,10.09,10.08,10.07,10.06,10.11,10.12,10.13,10.14,10.15,2173,1534,3713,2118,2925,55,544,1513,5695,2824
"sz",1,20141015,94841,10.1,2,5616,6,"S",10.1,10.09,10.08,10.07,10.06,10.11,10.12,10.13,10.14,10.15,2179,1532,3716,2118,2935,53,929,1560,5695,2834
"sz",1,20141015,94845,10.11,3,25276,25,"B",10.1,10.09,10.08,10.07,10.06,10.11,10.12,10.13,10.14,10.15,2179,1532,3716,2118,2925,34,969,1560,5695,2834
"sz",1,20141015,94851,10.11,3,30328,30,"B",10.1,10.09,10.08,10.07,10.06,10.11,10.12,10.13,10.14,10.15,2188,1542,3716,2118,2925,20,904,1560,5695,2836
"sz",1,20141015,94857,10.11,1,2024,2,"B",10.1,10.09,10.08,10.07,10.06,10.11,10.12,10.13,10.14,10.15,2213,1542,3716,2138,2938,28,1403,1580,5695,2836
"sz",1,20141015,94900,10.1,12,202000,200,"S",10.1,10.09,10.08,10.07,10.06,10.11,10.12,10.13,10.14,10.15,2021,1542,3716,2138,2938,28,1403,1585,5695,2836
"sz",1,20141015,94903,10.11,3,19208,19,"B",10.1,10.09,10.08,10.07,10.06,10.11,10.12,10.13,10.14,10.15,2031,1542,3716,2138,2938,13,1403,1550,5695,2836
"sz",1,20141015,94906,10.1,2,2020,2,"S",10.1,10.09,10.08,10.07,10.06,10.11,10.12,10.13,10.14,10.15,2030,1542,3716,2138,2938,24,1421,1550,5695,2836
"sz",1,20141015,94909,10.1,4,30512,30,"S",10.1,10.09,10.08,10.07,10.06,10.11,10.12,10.13,10.14,10.15,2000,1542,3709,2138,2938,524,1421,1550,5695,2836
"sz",1,20141015,94912,10.1,1,4040,4,"S",10.1,10.09,10.08,10.07,10.06,10.11,10.12,10.13,10.14,10.15,2096,1542,3709,2138,2938,604,1441,1550,5685,2836
"sz",1,20141015,94915,10.1,11,108208,107,"S",10.1,10.09,10.08,10.07,10.06,10.11,10.12,10.13,10.14,10.15,1994,1542,3709,2138,2938,597,1441,1550,5685,2836
"sz",1,20141015,94918,10.1,54,1958856,1940,"S",10.09,10.08,10.07,10.06,10.05,10.1,10.11,10.12,10.13,10.14,1442,3709,2138,2938,4050,61,632,1441,1550,5685
"sz",1,20141015,94920,10.1,2,30300,30,"B",10.09,10.08,10.07,10.06,10.05,10.1,10.11,10.12,10.13,10.14,1442,3709,2138,2938,4050,31,632,1341,1550,5685
"sz",1,20141015,94927,10.1,1,9088,9,"B",10.09,10.08,10.07,10.06,10.05,10.1,10.11,10.12,10.13,10.14,1422,3809,2138,2933,4060,42,974,1025,1550,5685
"sz",1,20141015,94930,10.1,5,65652,65,"B",10.09,10.08,10.07,10.06,10.05,10.1,10.11,10.12,10.13,10.14,1417,3809,2138,2933,4060,137,974,1025,1971,5685
"sz",1,20141015,94933,10.1,3,119180,118,"B",10.09,10.08,10.07,10.06,10.05,10.1,10.11,10.12,10.13,10.14,1417,3809,2138,2933,4060,19,1038,1035,1971,5685
"sz",1,20141015,94936,10.09,2,30268,30,"S",10.09,10.08,10.07,10.06,10.05,10.1,10.11,10.12,10.13,10.14,1417,3811,2138,2963,4060,49,1354,1035,1929,5685
"sz",1,20141015,94939,10.09,6,40360,40,"S",10.09,10.08,10.07,10.06,10.05,10.1,10.11,10.12,10.13,10.14,1383,3809,2138,2963,4060,59,1554,1056,1929,5685
"sz",1,20141015,94941,10.1,1,2020,2,"B",10.09,10.08,10.07,10.06,10.05,10.1,10.11,10.12,10.13,10.14,1383,3793,2138,2963,4060,75,1554,1056,1951,5685
"sz",1,20141015,94948,10.09,4,62560,62,"S",10.09,10.08,10.07,10.06,10.05,10.1,10.11,10.12,10.13,10.14,1326,3843,2138,2963,4060,389,1554,1056,1951,5685
"sz",1,20141015,94951,10.09,6,55512,55,"S",10.09,10.08,10.07,10.06,10.05,10.1,10.11,10.12,10.13,10.14,1290,3843,2138,2963,4060,370,1554,1058,1952,5685
"sz",1,20141015,94954,10.09,4,39352,39,"S",10.09,10.08,10.07,10.06,10.05,10.1,10.11,10.12,10.13,10.14,1251,3833,2138,2963,4060,440,1490,1058,1952,5685
"sz",1,20141015,94957,10.1,2,9088,9,"B",10.09,10.08,10.07,10.06,10.05,10.1,10.11,10.12,10.13,10.14,1242,3833,2138,2953,4071,445,1485,1058,1952,5675
"sz",1,20141015,95003,10.09,1,5044,5,"S",10.09,10.08,10.07,10.06,10.05,10.1,10.11,10.12,10.13,10.14,1292,3633,2138,2963,4061,535,1480,1058,1952,5856
"sz",1,20141015,95006,10.09,2,6060,6,"S",10.09,10.08,10.07,10.06,10.05,10.1,10.11,10.12,10.13,10.14,1298,3633,2138,2965,4088,5534,980,1058,1952,5856
"sz",1,20141015,95009,10.09,5,29504,29,"S",10.09,10.08,10.07,10.06,10.05,10.1,10.11,10.12,10.13,10.14,1288,3633,2148,2965,4088,5694,980,1058,1952,5846
"sz",1,20141015,95012,10.1,3,10240,10,"B",10.09,10.08,10.07,10.06,10.05,10.1,10.11,10.12,10.13,10.14,1288,3633,2148,2965,4088,5684,980,1058,1952,5846
"sz",1,20141015,95015,10.1,5,169668,168,"B",10.09,10.08,10.07,10.06,10.05,10.1,10.11,10.12,10.13,10.14,1258,3653,2148,2965,4071,5502,991,1067,1952,5846
"sz",1,20141015,95017,10.09,5,36332,36,"S",10.09,10.08,10.07,10.06,10.05,10.1,10.11,10.12,10.13,10.14,1228,3648,2148,2981,4079,5496,991,1067,1952,5846
"sz",1,20141015,95022,10.09,4,13116,13,"S",10.09,10.08,10.07,10.06,10.05,10.1,10.11,10.12,10.13,10.14,1216,3648,2148,2981,4086,5495,5708,1067,1949,5846
"sz",1,20141015,95024,10.09,7,216936,215,"S",10.09,10.08,10.07,10.06,10.05,10.1,10.11,10.12,10.13,10.14,974,3648,2154,2984,4086,5590,5689,1087,1949,5846
"sz",1,20141015,95027,10.09,3,107972,107,"S",10.09,10.08,10.07,10.06,10.05,10.1,10.11,10.12,10.13,10.14,874,3658,2154,2994,4086,5583,5689,1087,1949,5732
"sz",1,20141015,95030,10.1,9,406772,403,"B",10.09,10.08,10.07,10.06,10.05,10.1,10.11,10.12,10.13,10.14,655,3756,2148,2994,4086,5440,5689,1087,1949,5732
"sz",1,20141015,95032,10.09,3,129152,128,"S",10.09,10.08,10.07,10.06,10.05,10.1,10.11,10.12,10.13,10.14,543,3756,2148,2994,4086,5440,5689,1087,1941,5732
"sz",1,20141015,95036,10.09,1,8072,8,"S",10.09,10.08,10.07,10.06,10.05,10.1,10.11,10.12,10.13,10.14,468,3726,2148,2994,4086,5440,5689,1087,1941,5752
"sz",1,20141015,95039,10.09,6,35316,35,"S",10.09,10.08,10.07,10.06,10.05,10.1,10.11,10.12,10.13,10.14,433,3726,2148,2994,4086,5471,5689,1087,2169,5752
"sz",1,20141015,95042,10.1,1,1008,1,"B",10.09,10.08,10.07,10.06,10.05,10.1,10.11,10.12,10.13,10.14,433,3726,2159,2994,4086,5473,5689,1177,2169,5752
"sz",1,20141015,95045,10.09,27,398556,395,"S",10.09,10.08,10.07,10.06,10.05,10.1,10.11,10.12,10.13,10.14,218,3526,2159,2999,4086,5473,5373,1177,2169,5752
"sz",1,20141015,95048,10.09,5,50448,50,"S",10.09,10.08,10.07,10.06,10.05,10.1,10.11,10.12,10.13,10.14,168,3494,2189,2999,4088,5473,5373,1177,2169,5752
"sz",1,20141015,95051,10.1,4,167516,166,"B",10.09,10.08,10.07,10.06,10.05,10.1,10.11,10.12,10.13,10.14,28,3494,2189,3049,4099,5456,5373,1177,2079,5752
"sz",1,20141015,95054,10.09,11,154124,153,"S",10.09,10.08,10.07,10.06,10.05,10.1,10.11,10.12,10.13,10.14,40,3502,2189,3049,4099,5409,5373,1177,2079,5752
"sz",1,20141015,95057,10.09,3,160452,159,"S",10.08,10.07,10.06,10.05,10.04,10.09,10.1,10.11,10.12,10.13,3432,2389,3049,4099,1008,186,5431,5378,1177,2079
"sz",1,20141015,95106,10.09,12,521500,516,"B",10.09,10.08,10.07,10.06,10.05,10.1,10.11,10.12,10.13,10.14,493,3446,2789,3081,4102,5552,5378,1177,2079,5655
"sz",1,20141015,95109,10.09,2,105948,105,"S",10.09,10.08,10.07,10.06,10.05,10.1,10.11,10.12,10.13,10.14,388,3452,2790,3081,4113,5552,5378,1177,2074,5655
"sz",1,20141015,95112,10.09,2,91100,91,"S",10.09,10.08,10.07,10.06,10.05,10.1,10.11,10.12,10.13,10.14,297,3462,2790,3081,4133,5531,5378,1177,2074,5655
"sz",1,20141015,95115,10.1,1,19188,19,"B",10.09,10.08,10.07,10.06,10.05,10.1,10.11,10.12,10.13,10.14,407,3462,2790,3111,4133,5517,5378,1177,2074,5655
"sz",1,20141015,95118,10.1,5,57864,57,"B",10.09,10.08,10.07,10.06,10.05,10.1,10.11,10.12,10.13,10.14,355,3462,2790,3111,4133,5552,5378,1177,2171,5655
"sz",1,20141015,95124,10.09,2,221980,220,"S",10.09,10.08,10.07,10.06,10.05,10.1,10.11,10.12,10.13,10.14,135,3412,2800,3111,4136,5552,5378,1271,2186,5655
"sz",1,20141015,95127,10.09,7,171048,170,"S",10.08,10.07,10.06,10.05,10.04,10.09,10.1,10.11,10.12,10.13,3377,2800,3111,4156,1008,307,5550,5378,1271,2186
"sz",1,20141015,95130,10.09,1,19172,19,"B",10.08,10.07,10.06,10.05,10.04,10.09,10.1,10.11,10.12,10.13,3377,2800,3111,4156,1008,736,5550,5378,1271,2216
"sz",1,20141015,95133,10.09,2,138232,137,"B",10.08,10.07,10.06,10.05,10.04,10.09,10.1,10.11,10.12,10.13,3369,2800,3111,4206,1008,599,5550,5378,1271,2216
"sz",1,20141015,95136,10.09,1,8072,8,"B",10.08,10.07,10.06,10.05,10.04,10.09,10.1,10.11,10.12,10.13,3574,2800,3111,4206,1008,591,5535,5373,1271,2216
"sz",1,20141015,95139,10.08,1,30240,30,"S",10.08,10.07,10.06,10.05,10.04,10.09,10.1,10.11,10.12,10.13,3554,2800,3111,4206,1008,596,5535,5373,1271,2216
"sz",1,20141015,95142,10.09,37,1011024,1003,"B",10.08,10.07,10.06,10.05,10.04,10.09,10.1,10.11,10.12,10.13,2564,2802,3116,4233,1008,593,5475,5373,1271,2216
"sz",1,20141015,95145,10.09,1,14128,14,"B",10.08,10.07,10.06,10.05,10.04,10.09,10.1,10.11,10.12,10.13,2570,2802,3116,4233,1008,595,5475,5373,1271,2216
"sz",1,20141015,95148,10.08,1,2016,2,"S",10.08,10.07,10.06,10.05,10.04,10.09,10.1,10.11,10.12,10.13,1679,2802,3116,4233,1008,645,5475,5373,1771,2216
"sz",1,20141015,95151,10.09,1,2016,2,"B",10.08,10.07,10.06,10.05,10.04,10.09,10.1,10.11,10.12,10.13,1712,2802,3136,4253,1008,648,5480,5373,1771,2216
"sz",1,20141015,95153,10.08,1,35280,35,"S",10.08,10.07,10.06,10.05,10.04,10.09,10.1,10.11,10.12,10.13,1677,2802,3136,4253,1008,648,5480,5373,1771,2216
"sz",1,20141015,95156,10.08,2,15128,15,"S",10.08,10.07,10.06,10.05,10.04,10.09,10.1,10.11,10.12,10.13,1635,2802,3136,4258,1008,658,5490,5373,1771,2216
"sz",1,20141015,95159,10.08,1,10080,10,"S",10.08,10.07,10.06,10.05,10.04,10.09,10.1,10.11,10.12,10.13,1627,2802,3136,4258,1008,693,5490,5373,1771,2216
"sz",1,20141015,95203,10.08,1,7056,7,"S",10.08,10.07,10.06,10.05,10.04,10.09,10.1,10.11,10.12,10.13,1623,2805,3106,4258,1008,734,5495,5373,1771,2216
"sz",1,20141015,95206,10.08,11,554888,550,"S",10.08,10.07,10.06,10.05,10.04,10.09,10.1,10.11,10.12,10.13,1568,2805,3106,4258,1058,243,5495,5373,1771,2216
"sz",1,20141015,95212,10.08,4,65672,65,"S",10.08,10.07,10.06,10.05,10.04,10.09,10.1,10.11,10.12,10.13,1523,3692,3205,4258,1058,272,5495,5393,1776,2226
"sz",1,20141015,95215,10.08,6,97080,96,"S",10.08,10.07,10.06,10.05,10.04,10.09,10.1,10.11,10.12,10.13,1432,3692,3205,4258,1058,272,5495,5393,1801,2226
"sz",1,20141015,95218,10.09,1,6056,6,"B",10.08,10.07,10.06,10.05,10.04,10.09,10.1,10.11,10.12,10.13,1432,3692,3205,4247,1058,568,5495,5393,1801,2226
"sz",1,20141015,95221,10.08,2,25216,25,"S",10.08,10.07,10.06,10.05,10.04,10.09,10.1,10.11,10.12,10.13,1442,3692,3205,4297,1058,548,5495,5393,1811,2226
"sz",1,20141015,95224,10.09,1,5048,5,"B",10.08,10.07,10.06,10.05,10.04,10.09,10.1,10.11,10.12,10.13,1442,3690,3205,4327,1058,543,5495,5393,1811,2226
"sz",1,20141015,95227,10.09,3,7064,7,"B",10.08,10.07,10.06,10.05,10.04,10.09,10.1,10.11,10.12,10.13,1465,3690,3215,4327,1058,536,5455,5393,1811,2226
"sz",1,20141015,95230,10.09,10,131168,130,"B",10.08,10.07,10.06,10.05,10.04,10.09,10.1,10.11,10.12,10.13,1533,3710,3265,4347,1068,406,5455,5393,1811,2226
"sz",1,20141015,95236,10.08,11,159264,158,"S",10.08,10.07,10.06,10.05,10.04,10.09,10.1,10.11,10.12,10.13,1525,3750,3297,4347,1068,406,5455,5393,1806,2056
"sz",1,20141015,95239,10.09,4,22188,22,"B",10.08,10.07,10.06,10.05,10.04,10.09,10.1,10.11,10.12,10.13,1566,3743,3297,4308,1068,397,5455,5393,1806,2056
"sz",1,20141015,95242,10.08,20,354816,352,"S",10.08,10.07,10.06,10.05,10.04,10.09,10.1,10.11,10.12,10.13,1254,3743,3297,4308,1073,397,5455,5393,1806,2056
"sz",1,20141015,95248,10.08,14,82664,82,"S",10.08,10.07,10.06,10.05,10.04,10.09,10.1,10.11,10.12,10.13,1346,3743,3297,4407,1153,558,5455,5393,1806,2056
"sz",1,20141015,95250,10.09,4,14320,14,"B",10.08,10.07,10.06,10.05,10.04,10.09,10.1,10.11,10.12,10.13,1332,3753,3297,4407,1153,578,5505,5393,1806,2056
"sz",1,20141015,95253,10.09,2,20180,20,"B",10.08,10.07,10.06,10.05,10.04,10.09,10.1,10.11,10.12,10.13,1355,3728,3297,4407,1153,563,5505,5393,1806,2056
"sz",1,20141015,95257,10.09,3,32288,32,"B",10.08,10.07,10.06,10.05,10.04,10.09,10.1,10.11,10.12,10.13,1360,3730,3317,4426,1163,531,5505,5393,1806,2056
"sz",1,20141015,95302,10.09,2,5044,5,"B",10.08,10.07,10.06,10.05,10.04,10.09,10.1,10.11,10.12,10.13,1269,3730,3337,4426,1163,548,5514,5393,1806,2056
"sz",1,20141015,95306,10.09,27,522148,518,"B",10.08,10.07,10.06,10.05,10.04,10.09,10.1,10.11,10.12,10.13,791,3730,3337,4426,1173,548,5514,5393,1806,2056
"sz",1,20141015,95309,10.08,1,212,0,"B",10.08,10.07,10.06,10.05,10.04,10.09,10.1,10.11,10.12,10.13,796,3730,3337,4431,1173,554,5517,5363,1806,2056
"sz",1,20141015,95311,10.08,5,92796,92,"S",10.08,10.07,10.06,10.05,10.04,10.09,10.1,10.11,10.12,10.13,761,3750,3337,4426,1173,507,5517,5363,1806,2056
"sz",1,20141015,95315,10.08,2,19300,20,"S",10.08,10.07,10.06,10.05,10.04,10.09,10.1,10.11,10.12,10.13,761,3760,3397,4428,1173,494,5517,5363,1806,2056
"sz",1,20141015,95318,10.08,2,52416,52,"S",10.08,10.07,10.06,10.05,10.04,10.09,10.1,10.11,10.12,10.13,820,3760,3397,4428,1173,634,5517,5363,1806,2056
"sz",1,20141015,95324,10.08,1,5040,5,"S",10.08,10.07,10.06,10.05,10.04,10.09,10.1,10.11,10.12,10.13,2482,3780,3387,4743,1173,634,5517,5283,1806,2066
"sz",1,20141015,95327,10.09,1,7064,7,"B",10.08,10.07,10.06,10.05,10.04,10.09,10.1,10.11,10.12,10.13,2497,3780,3398,4943,1173,1067,5517,5283,1806,2066
"sz",1,20141015,95330,10.09,2,129152,128,"B",10.08,10.07,10.06,10.05,10.04,10.09,10.1,10.11,10.12,10.13,2507,3780,3418,4943,1173,939,5517,5283,1806,2066
"sz",1,20141015,95335,10.08,16,520616,516,"S",10.08,10.07,10.06,10.05,10.04,10.09,10.1,10.11,10.12,10.13,2550,3780,3448,4938,1179,491,5517,5283,1806,2066
"sz",1,20141015,95338,10.09,2,10092,10,"B",10.08,10.07,10.06,10.05,10.04,10.09,10.1,10.11,10.12,10.13,2550,3780,3448,4938,1179,511,5517,5283,1806,1712
"sz",1,20141015,95342,10.09,6,86772,86,"B",10.08,10.07,10.06,10.05,10.04,10.09,10.1,10.11,10.12,10.13,2560,3780,3448,4938,1196,425,5567,5283,1802,1712
"sz",1,20141015,95345,10.08,22,345160,342,"S",10.08,10.07,10.06,10.05,10.04,10.09,10.1,10.11,10.12,10.13,2232,3780,3448,4938,1197,485,5587,5283,1802,1712
"sz",1,20141015,95347,10.08,6,108864,108,"S",10.08,10.07,10.06,10.05,10.04,10.09,10.1,10.11,10.12,10.13,2124,3780,3448,4938,1197,485,5587,5283,1802,1712
"sz",1,20141015,95351,10.09,6,492068,488,"B",10.09,10.08,10.07,10.06,10.05,10.1,10.11,10.12,10.13,10.14,2012,2244,3781,3448,4938,5592,5283,1802,1712,5708
"sz",1,20141015,95354,10.09,3,78704,78,"S",10.09,10.08,10.07,10.06,10.05,10.1,10.11,10.12,10.13,10.14,1999,2270,3981,3448,4938,5592,5283,1802,1712,5708
"sz",1,20141015,95400,10.09,1,706300,700,"S",10.09,10.08,10.07,10.06,10.05,10.1,10.11,10.12,10.13,10.14,1304,2284,4304,3358,4948,5612,5283,1802,1712,5678
"sz",1,20141015,95403,10.09,1,10088,10,"S",10.09,10.08,10.07,10.06,10.05,10.1,10.11,10.12,10.13,10.14,1324,2294,4304,3358,4968,5612,5283,1802,1712,5678
"sz",1,20141015,95406,10.09,1,89804,89,"S",10.09,10.08,10.07,10.06,10.05,10.1,10.11,10.12,10.13,10.14,1245,2324,4304,3368,4968,5616,5283,1802,1712,5678
"sz",1,20141015,95408,10.09,1,3024,3,"S",10.09,10.08,10.07,10.06,10.05,10.1,10.11,10.12,10.13,10.14,1242,2354,4304,3368,4978,5616,5283,1802,1712,5678
"sz",1,20141015,95415,10.09,3,65744,65,"S",10.09,10.08,10.07,10.06,10.05,10.1,10.11,10.12,10.13,10.14,1177,2434,6804,3368,4978,5601,5283,1802,1703,5678
"sz",1,20141015,95418,10.09,1,201800,200,"S",10.09,10.08,10.07,10.06,10.05,10.1,10.11,10.12,10.13,10.14,1049,2434,6824,3368,4978,5601,5283,1802,1703,5678
"sz",1,20141015,95421,10.09,1,243168,241,"S",10.09,10.08,10.07,10.06,10.05,10.1,10.11,10.12,10.13,10.14,808,2438,6824,3383,4981,5601,5283,1802,1703,5678
"sz",1,20141015,95424,10.09,3,74676,74,"S",10.09,10.08,10.07,10.06,10.05,10.1,10.11,10.12,10.13,10.14,734,2447,6830,3383,4981,5601,5283,1802,1703,5678
"sz",1,20141015,95427,10.1,2,66652,66,"B",10.09,10.08,10.07,10.06,10.05,10.1,10.11,10.12,10.13,10.14,736,2391,6830,3383,4981,5545,5283,1802,1703,5678
"sz",1,20141015,95433,10.1,1,118168,117,"B",10.09,10.08,10.07,10.06,10.05,10.1,10.11,10.12,10.13,10.14,742,2411,6830,3386,4981,5432,5283,1802,1703,5678
"sz",1,20141015,95436,10.1,3,109200,108,"B",10.09,10.08,10.07,10.06,10.05,10.1,10.11,10.12,10.13,10.14,633,2413,6830,3386,4981,5463,5283,1802,1691,5678
"sz",1,20141015,95438,10.09,1,7064,7,"S",10.09,10.08,10.07,10.06,10.05,10.1,10.11,10.12,10.13,10.14,626,2419,6829,3392,4991,5463,5283,1802,1691,5678
"sz",1,20141015,95442,10.09,2,25228,25,"S",10.09,10.08,10.07,10.06,10.05,10.1,10.11,10.12,10.13,10.14,611,2422,6829,3392,4991,5458,5283,1802,1691,5678
"sz",1,20141015,95445,10.1,1,20200,20,"B",10.09,10.08,10.07,10.06,10.05,10.1,10.11,10.12,10.13,10.14,611,2422,6833,3392,4991,5469,5283,1802,1691,5678
"sz",1,20141015,95451,10.09,2,9088,9,"S",10.09,10.08,10.07,10.06,10.05,10.1,10.11,10.12,10.13,10.14,602,2435,6833,3398,5041,5552,5283,1802,1691,5678
"sz",1,20141015,95454,10.09,3,28252,28,"S",10.09,10.08,10.07,10.06,10.05,10.1,10.11,10.12,10.13,10.14,594,2474,6633,3398,5001,5552,5283,1802,1691,5678
"sz",1,20141015,95457,10.09,1,10088,10,"S",10.09,10.08,10.07,10.06,10.05,10.1,10.11,10.12,10.13,10.14,584,2474,6633,3398,5001,5631,5283,1802,1691,5678
"sz",1,20141015,95500,10.09,1,13120,13,"S",10.09,10.08,10.07,10.06,10.05,10.1,10.11,10.12,10.13,10.14,566,2474,6633,3398,5001,6207,5283,1802,1691,5678
"sz",1,20141015,95502,10.09,3,34328,34,"S",10.09,10.08,10.07,10.06,10.05,10.1,10.11,10.12,10.13,10.14,601,2487,6633,3398,5001,6193,5283,1802,1691,5678
"sz",1,20141015,95506,10.09,3,27396,27,"S",10.09,10.08,10.07,10.06,10.05,10.1,10.11,10.12,10.13,10.14,596,2507,6663,3398,5001,6271,5283,1802,1705,5678
"sz",1,20141015,95507,10.09,1,15136,15,"S",10.09,10.08,10.07,10.06,10.05,10.1,10.11,10.12,10.13,10.14,585,2507,6670,3398,5001,6275,5283,1802,1705,5678
"sz",1,20141015,95512,10.09,2,127132,126,"S",10.09,10.08,10.07,10.06,10.05,10.1,10.11,10.12,10.13,10.14,462,2513,6670,3398,5001,6275,5283,1802,1705,5678
"sz",1,20141015,95515,10.09,2,15136,15,"S",10.09,10.08,10.07,10.06,10.05,10.1,10.11,10.12,10.13,10.14,447,2517,6670,3398,5001,6275,5283,1802,1705,5658
"sz",1,20141015,95517,10.09,3,70632,70,"S",10.09,10.08,10.07,10.06,10.05,10.1,10.11,10.12,10.13,10.14,377,2518,6670,3398,5006,6287,5283,1802,1705,5658
"sz",1,20141015,95521,10.09,2,15132,15,"S",10.09,10.08,10.07,10.06,10.05,10.1,10.11,10.12,10.13,10.14,362,2511,6670,3398,5026,6287,5283,1802,1705,5658
"sz",1,20141015,95524,10.09,1,40360,40,"S",10.09,10.08,10.07,10.06,10.05,10.1,10.11,10.12,10.13,10.14,320,2509,6670,3398,5026,6287,5283,1802,1705,5658
"sz",1,20141015,95527,10.1,4,7284,7,"B",10.09,10.08,10.07,10.06,10.05,10.1,10.11,10.12,10.13,10.14,438,2506,6672,3438,5026,6480,5283,1933,1705,5658
"sz",1,20141015,95530,10.1,4,232188,230,"B",10.09,10.08,10.07,10.06,10.05,10.1,10.11,10.12,10.13,10.14,326,2506,6672,3438,5026,6514,5283,1933,1605,5658
"sz",1,20141015,95533,10.09,6,100900,100,"S",10.09,10.08,10.07,10.06,10.05,10.1,10.11,10.12,10.13,10.14,241,2536,6666,3438,5026,6514,5283,1933,1605,5648
"sz",1,20141015,95536,10.09,5,53476,53,"S",10.09,10.08,10.07,10.06,10.05,10.1,10.11,10.12,10.13,10.14,188,2537,6686,3438,5026,6565,5283,1933,1605,5648
"sz",1,20141015,95541,10.09,5,50452,50,"S",10.09,10.08,10.07,10.06,10.05,10.1,10.11,10.12,10.13,10.14,155,2544,6684,3438,5036,6565,5292,1933,1605,5648
"sz",1,20141015,95545,10.09,3,4032,4,"S",10.09,10.08,10.07,10.06,10.05,10.1,10.11,10.12,10.13,10.14,155,2544,6684,3438,5036,6565,5292,1933,1655,5648
"sz",1,20141015,95551,10.09,2,7072,7,"S",10.09,10.08,10.07,10.06,10.05,10.1,10.11,10.12,10.13,10.14,179,2564,6684,3438,5106,6600,5292,1933,1655,5648
"sz",1,20141015,95554,10.09,10,181224,180,"S",10.08,10.07,10.06,10.05,10.04,10.09,10.1,10.11,10.12,10.13,2554,6684,3446,5106,1563,381,6597,5292,1933,1655
"sz",1,20141015,95556,10.09,1,4036,4,"B",10.08,10.07,10.06,10.05,10.04,10.09,10.1,10.11,10.12,10.13,2524,6684,3446,5106,1563,377,6607,5302,1933,1655
"sz",1,20141015,95558,10.09,2,10092,10,"B",10.08,10.07,10.06,10.05,10.04,10.09,10.1,10.11,10.12,10.13,2524,6684,3396,5106,1563,367,6607,5302,1933,1655
"sz",1,20141015,95606,10.08,2,30408,30,"S",10.08,10.07,10.06,10.05,10.04,10.09,10.1,10.11,10.12,10.13,2539,6684,3407,5106,1566,511,6646,5302,1933,1655
"sz",1,20141015,95608,10.08,1,11088,11,"S",10.08,10.07,10.06,10.05,10.04,10.09,10.1,10.11,10.12,10.13,2528,6684,3407,5106,1566,515,6646,5302,1933,1655
"sz",1,20141015,95612,10.09,2,21192,21,"B",10.08,10.07,10.06,10.05,10.04,10.09,10.1,10.11,10.12,10.13,2533,6694,3407,5106,1566,477,6651,5302,1849,1655
"sz",1,20141015,95618,10.08,1,10080,10,"S",10.08,10.07,10.06,10.05,10.04,10.09,10.1,10.11,10.12,10.13,2604,6709,3407,5120,1566,514,6681,5302,1849,1655
"sz",1,20141015,95621,10.08,11,134908,134,"S",10.08,10.07,10.06,10.05,10.04,10.09,10.1,10.11,10.12,10.13,2470,6709,3407,5120,1566,514,6681,5302,1849,1655
"sz",1,20141015,95624,10.08,7,41552,41,"S",10.08,10.07,10.06,10.05,10.04,10.09,10.1,10.11,10.12,10.13,2429,6699,3308,5120,1566,514,6681,5302,1849,1655
"sz",1,20141015,95627,10.08,3,42344,42,"S",10.08,10.07,10.06,10.05,10.04,10.09,10.1,10.11,10.12,10.13,2401,6699,3308,5120,1566,504,6631,5302,1854,1655
"sz",1,20141015,95630,10.09,1,5044,5,"B",10.08,10.07,10.06,10.05,10.04,10.09,10.1,10.11,10.12,10.13,2398,6705,3311,5120,1566,539,6391,5302,1854,1655
"sz",1,20141015,95633,10.08,2,168456,167,"S",10.08,10.07,10.06,10.05,10.04,10.09,10.1,10.11,10.12,10.13,2351,6705,3311,5120,1774,427,6342,5302,1854,1655
"sz",1,20141015,95636,10.09,2,29248,29,"B",10.08,10.07,10.06,10.05,10.04,10.09,10.1,10.11,10.12,10.13,2551,6705,3311,5120,1774,1073,6404,5302,1854,1655
"sz",1,20141015,95639,10.09,5,47408,47,"B",10.08,10.07,10.06,10.05,10.04,10.09,10.1,10.11,10.12,10.13,2665,6715,3511,5120,1794,1048,6414,5362,1854,1655
"sz",1,20141015,95642,10.08,4,37316,37,"S",10.08,10.07,10.06,10.05,10.04,10.09,10.1,10.11,10.12,10.13,2653,6717,3511,5142,1794,1442,6414,5362,1854,1761
"sz",1,20141015,95645,10.08,1,17136,17,"S",10.08,10.07,10.06,10.05,10.04,10.09,10.1,10.11,10.12,10.13,2632,6717,3521,5142,1794,1442,6414,5362,1854,1761
"sz",1,20141015,95648,10.09,3,29260,29,"B",10.08,10.07,10.06,10.05,10.04,10.09,10.1,10.11,10.12,10.13,2632,6717,3506,5142,1794,1506,6414,5362,1854,1761
"sz",1,20141015,95650,10.08,10,331992,329,"S",10.08,10.07,10.06,10.05,10.04,10.09,10.1,10.11,10.12,10.13,2398,6737,3506,5143,1794,1457,6404,5353,1854,1761
"sz",1,20141015,95657,10.09,3,57472,57,"B",10.08,10.07,10.06,10.05,10.04,10.09,10.1,10.11,10.12,10.13,2369,6737,3513,5143,1794,1442,6399,5353,1854,1761
"sz",1,20141015,95700,10.09,2,39348,39,"B",10.08,10.07,10.06,10.05,10.04,10.09,10.1,10.11,10.12,10.13,2369,6737,3513,5143,1794,1049,6389,5353,1854,1761
"sz",1,20141015,95703,10.08,1,302400,300,"S",10.08,10.07,10.06,10.05,10.04,10.09,10.1,10.11,10.12,10.13,2244,6738,3513,5143,1809,1099,6389,5353,1708,1761
"sz",1,20141015,95706,10.09,1,1012,1,"B",10.08,10.07,10.06,10.05,10.04,10.09,10.1,10.11,10.12,10.13,2264,6738,3513,5143,1812,1113,6399,5353,1708,1761
"sz",1,20141015,95712,10.09,3,5176,6,"B",10.08,10.07,10.06,10.05,10.04,10.09,10.1,10.11,10.12,10.13,2330,6738,3513,5143,1815,1112,6399,5353,1708,1761
"sz",1,20141015,95715,10.09,5,105944,105,"B",10.08,10.07,10.06,10.05,10.04,10.09,10.1,10.11,10.12,10.13,2465,6738,3513,5143,1815,1012,6399,5353,1708,1762
"sz",1,20141015,95724,10.09,4,39352,39,"B",10.08,10.07,10.06,10.05,10.04,10.09,10.1,10.11,10.12,10.13,2485,6743,3513,5143,1815,973,6399,5353,1688,1782
"sz",1,20141015,95730,10.08,6,153220,152,"S",10.08,10.07,10.06,10.05,10.04,10.09,10.1,10.11,10.12,10.13,2349,6743,3513,5145,1815,972,6399,5353,1728,1782
"sz",1,20141015,95733,10.08,3,119272,118,"S",10.08,10.07,10.06,10.05,10.04,10.09,10.1,10.11,10.12,10.13,2358,6743,3513,5143,1815,970,6399,5353,1728,1782
"sz",1,20141015,95736,10.09,3,52468,52,"B",10.08,10.07,10.06,10.05,10.04,10.09,10.1,10.11,10.12,10.13,2383,6743,3551,5143,1815,918,6369,5353,1728,1782
"sz",1,20141015,95739,10.08,2,60532,60,"S",10.08,10.07,10.06,10.05,10.04,10.09,10.1,10.11,10.12,10.13,2385,6743,3551,5143,1815,998,6369,5353,1728,1782
"sz",1,20141015,95742,10.09,1,30268,30,"B",10.08,10.07,10.06,10.05,10.04,10.09,10.1,10.11,10.12,10.13,2385,6753,3551,5143,1821,968,6369,5353,1728,1782
"sz",1,20141015,95745,10.09,2,31256,31,"B",10.08,10.07,10.06,10.05,10.04,10.09,10.1,10.11,10.12,10.13,2360,6753,3551,5149,1821,962,6369,5353,1728,1782
"sz",1,20141015,95747,10.09,49,1442408,1431,"B",10.08,10.07,10.06,10.05,10.04,10.09,10.1,10.11,10.12,10.13,967,6853,3551,5149,1821,991,6369,5353,1728,1782
"sz",1,20141015,95751,10.09,5,122024,121,"B",10.08,10.07,10.06,10.05,10.04,10.09,10.1,10.11,10.12,10.13,907,6853,3551,5149,1821,933,6319,5353,1728,1622
"sz",1,20141015,95757,10.09,1,6056,6,"B",10.08,10.07,10.06,10.05,10.04,10.09,10.1,10.11,10.12,10.13,1173,6853,3551,5149,1826,975,6319,5353,1719,1622
"sz",1,20141015,95800,10.09,1,10088,10,"B",10.08,10.07,10.06,10.05,10.04,10.09,10.1,10.11,10.12,10.13,1200,6855,3553,5149,1826,916,6299,5353,1719,1622
"sz",1,20141015,95803,10.08,45,1246736,1237,"S",10.07,10.06,10.05,10.04,10.03,10.08,10.09,10.1,10.11,10.12,6855,3558,5149,1839,1735,723,916,6299,5353,1719
"sz",1,20141015,95812,10.08,1,604800,600,"B",10.07,10.06,10.05,10.04,10.03,10.08,10.09,10.1,10.11,10.12,6875,3561,5149,1849,1735,204,856,6299,5353,1729
"sz",1,20141015,95815,10.07,65,2406872,2390,"S",10.07,10.06,10.05,10.04,10.03,10.08,10.09,10.1,10.11,10.12,4504,3566,5149,1849,1735,484,1096,6299,5353,1729
"sz",1,20141015,95819,10.08,5,202828,201,"B",10.07,10.06,10.05,10.04,10.03,10.08,10.09,10.1,10.11,10.12,4504,3566,5159,1849,1715,283,1096,6299,5353,1729
"sz",1,20141015,95821,10.08,3,5040,5,"B",10.07,10.06,10.05,10.04,10.03,10.08,10.09,10.1,10.11,10.12,4514,3566,5159,1849,1715,307,1096,6299,5353,1729
"sz",1,20141015,95823,10.08,4,127008,126,"B",10.07,10.06,10.05,10.04,10.03,10.08,10.09,10.1,10.11,10.12,4514,3570,5159,1854,1717,181,1096,6299,5353,1729
"sz",1,20141015,95827,10.07,9,777428,772,"S",10.07,10.06,10.05,10.04,10.03,10.08,10.09,10.1,10.11,10.12,3780,3570,5139,1854,1717,259,1096,6299,5353,1729
"sz",1,20141015,95830,10.08,2,30240,30,"B",10.07,10.06,10.05,10.04,10.03,10.08,10.09,10.1,10.11,10.12,3801,3565,5139,1864,1737,247,1096,6299,5353,1729
"sz",1,20141015,95833,10.08,7,271152,269,"B",10.07,10.06,10.05,10.04,10.03,10.08,10.09,10.1,10.11,10.12,3851,3535,5139,1914,1737,228,1096,6299,5377,1729
"sz",1,20141015,95835,10.08,1,10080,10,"B",10.07,10.06,10.05,10.04,10.03,10.08,10.09,10.1,10.11,10.12,3851,3535,5139,1914,1737,253,1096,6299,5377,1729
"sz",1,20141015,95839,10.08,3,53160,53,"B",10.07,10.06,10.05,10.04,10.03,10.08,10.09,10.1,10.11,10.12,3837,3533,5139,1919,1737,251,1144,6299,5377,1729
"sz",1,20141015,95842,10.08,4,18144,18,"B",10.07,10.06,10.05,10.04,10.03,10.08,10.09,10.1,10.11,10.12,3854,3533,5139,1919,1739,353,1144,6269,5377,1729
"sz",1,20141015,95845,10.07,13,1505596,1495,"S",10.07,10.06,10.05,10.04,10.03,10.08,10.09,10.1,10.11,10.12,2519,3545,5139,1919,1759,223,1374,6269,5377,1729
"sz",1,20141015,95847,10.08,1,5040,5,"B",10.07,10.06,10.05,10.04,10.03,10.08,10.09,10.1,10.11,10.12,2521,3545,5140,1919,1759,218,1374,6269,5377,1729
"sz",1,20141015,95851,10.08,6,123592,122,"B",10.07,10.06,10.05,10.04,10.03,10.08,10.09,10.1,10.11,10.12,2580,3575,5140,1919,1780,153,1920,6269,5377,1729
"sz",1,20141015,95854,10.07,2,573992,570,"S",10.07,10.06,10.05,10.04,10.03,10.08,10.09,10.1,10.11,10.12,2077,3600,5190,1919,1780,385,1920,6269,5377,1709
"sz",1,20141015,95900,10.07,2,11084,11,"S",10.07,10.06,10.05,10.04,10.03,10.08,10.09,10.1,10.11,10.12,2082,3672,5190,1919,1780,514,1920,6270,5377,1709
"sz",1,20141015,95902,10.08,2,8064,8,"B",10.07,10.06,10.05,10.04,10.03,10.08,10.09,10.1,10.11,10.12,2092,3677,5242,1919,1780,606,1920,6270,5377,1709
"sz",1,20141015,95906,10.08,2,35252,35,"B",10.07,10.06,10.05,10.04,10.03,10.08,10.09,10.1,10.11,10.12,2082,3677,5242,1919,1780,605,1913,6265,5377,1709
"sz",1,20141015,95909,10.07,24,1664572,1653,"S",10.07,10.06,10.05,10.04,10.03,10.08,10.09,10.1,10.11,10.12,441,3697,5242,1919,1780,722,1913,6245,5377,1709
"sz",1,20141015,95912,10.08,2,20160,20,"B",10.07,10.06,10.05,10.04,10.03,10.08,10.09,10.1,10.11,10.12,452,3727,5253,1919,1780,702,1943,6255,5377,1709
"sz",1,20141015,95915,10.07,2,5172,6,"S",10.07,10.06,10.05,10.04,10.03,10.08,10.09,10.1,10.11,10.12,473,3727,5253,1919,1780,747,1893,6255,5377,1709
"sz",1,20141015,95918,10.07,1,7052,7,"S",10.07,10.06,10.05,10.04,10.03,10.08,10.09,10.1,10.11,10.12,533,3763,5253,1929,1780,747,1893,6255,5377,1709
"sz",1,20141015,95921,10.07,6,110980,110,"S",10.07,10.06,10.05,10.04,10.03,10.08,10.09,10.1,10.11,10.12,732,3776,5333,1929,1780,747,1893,6216,5377,1709
"sz",1,20141015,95923,10.08,5,37268,37,"B",10.07,10.06,10.05,10.04,10.03,10.08,10.09,10.1,10.11,10.12,713,3816,5333,1929,1780,737,1893,7103,5377,1709
"sz",1,20141015,95927,10.07,12,158104,157,"S",10.07,10.06,10.05,10.04,10.03,10.08,10.09,10.1,10.11,10.12,851,3875,5433,1929,1780,769,1853,7103,5377,1709
"sz",1,20141015,95930,10.07,14,165168,164,"S",10.07,10.06,10.05,10.04,10.03,10.08,10.09,10.1,10.11,10.12,755,3875,5604,1929,1780,651,1853,7123,5377,1709
"sz",1,20141015,95933,10.07,13,198496,197,"S",10.07,10.06,10.05,10.04,10.03,10.08,10.09,10.1,10.11,10.12,694,3845,5657,1923,1780,602,1853,7123,5377,1729
"sz",1,20141015,95936,10.08,4,119940,119,"B",10.07,10.06,10.05,10.04,10.03,10.08,10.09,10.1,10.11,10.12,800,3848,5662,1923,1785,502,1853,7122,5377,1729
"sz",1,20141015,95939,10.07,2,40280,40,"S",10.07,10.06,10.05,10.04,10.03,10.08,10.09,10.1,10.11,10.12,914,3848,5662,1923,1790,510,1823,7132,5377,1729
"sz",1,20141015,95945,10.07,1,30208,30,"S",10.07,10.06,10.05,10.04,10.03,10.08,10.09,10.1,10.11,10.12,1009,3861,5675,1923,1790,549,1823,7132,5377,1729
"sz",1,20141015,95947,10.07,1,18128,18,"S",10.07,10.06,10.05,10.04,10.03,10.08,10.09,10.1,10.11,10.12,1008,3893,5676,1943,1790,549,1823,7132,5377,1729
"sz",1,20141015,95951,10.08,3,63452,63,"B",10.07,10.06,10.05,10.04,10.03,10.08,10.09,10.1,10.11,10.12,1536,3891,5676,1943,1790,566,1823,7129,5377,1729
"sz",1,20141015,1e+05,10.08,2,25180,25,"B",10.07,10.06,10.05,10.04,10.03,10.08,10.09,10.1,10.11,10.12,2880,3931,5696,1953,1795,561,1823,7129,5377,1729
"sz",1,20141015,100003,10.08,15,575468,571,"B",10.08,10.07,10.06,10.05,10.04,10.09,10.1,10.11,10.12,10.13,429,3105,3981,5706,1953,1823,7129,5377,1729,1636
"sz",1,20141015,100006,10.09,2,56456,56,"B",10.08,10.07,10.06,10.05,10.04,10.09,10.1,10.11,10.12,10.13,479,3208,3981,5706,1953,1817,7129,5377,1729,1636
"sz",1,20141015,100009,10.08,2,4172,4,"S",10.08,10.07,10.06,10.05,10.04,10.09,10.1,10.11,10.12,10.13,482,3328,3981,5726,1953,1817,7129,5377,1729,1636
"sz",1,20141015,100012,10.08,1,15120,15,"S",10.08,10.07,10.06,10.05,10.04,10.09,10.1,10.11,10.12,10.13,467,3375,4011,5726,1953,1817,7129,5377,1729,1636
"sz",1,20141015,100015,10.08,2,7056,7,"S",10.08,10.07,10.06,10.05,10.04,10.09,10.1,10.11,10.12,10.13,460,3415,4011,6454,1963,1817,6969,5377,1729,1636
"sz",1,20141015,100021,10.08,1,100800,100,"S",10.08,10.07,10.06,10.05,10.04,10.09,10.1,10.11,10.12,10.13,1415,3375,4021,6502,2065,1817,6969,5377,1729,1636
"sz",1,20141015,100024,10.08,2,68764,68,"S",10.08,10.07,10.06,10.05,10.04,10.09,10.1,10.11,10.12,10.13,1377,3483,4028,6502,2711,1817,6969,5377,1729,1636
"sz",1,20141015,100027,10.08,3,60480,60,"S",10.08,10.07,10.06,10.05,10.04,10.09,10.1,10.11,10.12,10.13,1333,3483,4028,6512,2711,1800,6969,5377,1729,2036
"sz",1,20141015,100029,10.09,1,40360,40,"B",10.08,10.07,10.06,10.05,10.04,10.09,10.1,10.11,10.12,10.13,1333,3483,4078,6512,2721,1760,6969,5377,1729,2036
"sz",1,20141015,100033,10.08,3,137256,136,"S",10.08,10.07,10.06,10.05,10.04,10.09,10.1,10.11,10.12,10.13,1316,3485,4068,6512,2721,1643,6969,5377,1729,2036
"sz",1,20141015,100036,10.09,3,176404,175,"B",10.08,10.07,10.06,10.05,10.04,10.09,10.1,10.11,10.12,10.13,1157,3542,4068,6612,2724,1610,6969,5377,1749,2036
"sz",1,20141015,100039,10.09,1,5044,5,"B",10.08,10.07,10.06,10.05,10.04,10.09,10.1,10.11,10.12,10.13,1218,3542,4078,6612,2744,1605,6969,5378,1749,2036
"sz",1,20141015,100042,10.08,4,205120,204,"S",10.08,10.07,10.06,10.05,10.04,10.09,10.1,10.11,10.12,10.13,1042,3507,4098,6612,2744,1605,6969,5378,1749,2036
"sz",1,20141015,100054,10.08,2,30248,30,"S",10.08,10.07,10.06,10.05,10.04,10.09,10.1,10.11,10.12,10.13,1095,3528,4103,6619,2744,1600,6969,5378,1769,2146
"sz",1,20141015,100057,10.09,1,4040,4,"B",10.08,10.07,10.06,10.05,10.04,10.09,10.1,10.11,10.12,10.13,1243,3548,4113,6619,2754,1408,6969,5378,1769,2146
"sz",1,20141015,100103,10.08,2,160320,159,"S",10.08,10.07,10.06,10.05,10.04,10.09,10.1,10.11,10.12,10.13,1164,3524,4110,6650,2755,1526,6969,5378,1769,2146
"sz",1,20141015,100105,10.08,1,5040,5,"S",10.08,10.07,10.06,10.05,10.04,10.09,10.1,10.11,10.12,10.13,1162,3580,4120,6650,2755,1526,6969,5378,1769,2146
"sz",1,20141015,100108,10.08,3,92936,92,"S",10.08,10.07,10.06,10.05,10.04,10.09,10.1,10.11,10.12,10.13,1066,3590,4120,6650,2755,1628,6969,5378,1769,2146
"sz",1,20141015,100112,10.08,2,368928,366,"S",10.08,10.07,10.06,10.05,10.04,10.09,10.1,10.11,10.12,10.13,720,3655,4120,6650,2755,1628,6393,5378,1769,2146
"sz",1,20141015,100115,10.08,2,212736,211,"S",10.08,10.07,10.06,10.05,10.04,10.09,10.1,10.11,10.12,10.13,561,3655,4120,6650,2755,1581,6393,5377,1769,2146
"sz",1,20141015,100118,10.08,2,7792,8,"S",10.08,10.07,10.06,10.05,10.04,10.09,10.1,10.11,10.12,10.13,564,3675,4120,6650,2755,1581,6393,5377,1769,2146
"sz",1,20141015,100124,10.08,1,7056,7,"S",10.08,10.07,10.06,10.05,10.04,10.09,10.1,10.11,10.12,10.13,581,3695,4120,6660,2755,1581,6373,5377,1769,2146
"sz",1,20141015,100127,10.08,11,201816,200,"S",10.08,10.07,10.06,10.05,10.04,10.09,10.1,10.11,10.12,10.13,450,3695,4120,6660,2755,1590,6373,5377,1769,2146
"sz",1,20141015,100129,10.08,1,6048,6,"S",10.08,10.07,10.06,10.05,10.04,10.09,10.1,10.11,10.12,10.13,434,3695,4120,6660,2755,1590,6373,5377,1769,2146
"sz",1,20141015,100133,10.08,28,579600,575,"S",10.07,10.06,10.05,10.04,10.03,10.08,10.09,10.1,10.11,10.12,3695,4123,6660,2755,1911,2324,1590,6383,5377,1769
"sz",1,20141015,100136,10.08,5,2041200,2025,"B",10.07,10.06,10.05,10.04,10.03,10.08,10.09,10.1,10.11,10.12,3705,4123,6660,2755,1911,299,1590,6383,5377,1769
"sz",1,20141015,100139,10.08,2,6048,6,"B",10.07,10.06,10.05,10.04,10.03,10.08,10.09,10.1,10.11,10.12,3705,4123,6670,2755,1911,313,1629,6383,5378,1769
"sz",1,20141015,100142,10.08,1,15120,15,"B",10.07,10.06,10.05,10.04,10.03,10.08,10.09,10.1,10.11,10.12,3685,4123,6672,2755,1913,298,1829,6383,5378,1769
"sz",1,20141015,100145,10.08,33,1694784,1683,"B",10.07,10.06,10.05,10.04,10.03,10.08,10.09,10.1,10.11,10.12,2005,4123,6672,2755,1913,314,1834,6383,5378,1769
"sz",1,20141015,100148,10.07,2,16120,16,"S",10.07,10.06,10.05,10.04,10.03,10.08,10.09,10.1,10.11,10.12,2133,4117,6674,2755,1913,302,1864,6383,5378,1769
"sz",1,20141015,100154,10.08,1,9072,9,"B",10.07,10.06,10.05,10.04,10.03,10.08,10.09,10.1,10.11,10.12,2183,4117,6772,2755,1913,331,1864,6383,5378,1769
"sz",1,20141015,100157,10.08,3,103824,103,"B",10.07,10.06,10.05,10.04,10.03,10.08,10.09,10.1,10.11,10.12,2344,4159,6772,2745,1913,388,1864,6383,5378,1769
"sz",1,20141015,100200,10.07,6,771616,766,"S",10.07,10.06,10.05,10.04,10.03,10.08,10.09,10.1,10.11,10.12,1584,4162,6968,2745,1914,382,1864,6383,5378,1777
"sz",1,20141015,100203,10.07,2,10112,10,"S",10.07,10.06,10.05,10.04,10.03,10.08,10.09,10.1,10.11,10.12,1582,4162,6970,2755,1914,395,1864,6383,5378,1807
"sz",1,20141015,100206,10.08,3,37280,37,"B",10.07,10.06,10.05,10.04,10.03,10.08,10.09,10.1,10.11,10.12,1618,4164,6970,2755,1916,400,1834,6383,5377,1807
"sz",1,20141015,100212,10.07,2,120864,120,"S",10.07,10.06,10.05,10.04,10.03,10.08,10.09,10.1,10.11,10.12,1643,4142,6970,2755,1916,394,1839,6383,5377,1807
"sz",1,20141015,100215,10.07,53,1705448,1694,"S",10.06,10.05,10.04,10.03,10.02,10.07,10.08,10.09,10.1,10.11,4172,6999,2755,1916,1261,996,359,1839,6383,5377
"sz",1,20141015,100218,10.07,5,149040,148,"B",10.06,10.05,10.04,10.03,10.02,10.07,10.08,10.09,10.1,10.11,4172,7095,2755,1916,1261,938,362,1859,6383,5377
"sz",1,20141015,100220,10.07,2,10288,10,"B",10.06,10.05,10.04,10.03,10.02,10.07,10.08,10.09,10.1,10.11,4231,7134,2755,1916,1311,928,392,1859,6383,5377
"sz",1,20141015,100224,10.07,2,40280,40,"B",10.06,10.05,10.04,10.03,10.02,10.07,10.08,10.09,10.1,10.11,4231,7134,2755,1916,1311,888,392,1859,6383,5377
"sz",1,20141015,100226,10.07,4,75528,75,"B",10.06,10.05,10.04,10.03,10.02,10.07,10.08,10.09,10.1,10.11,4241,7134,2760,1916,1311,813,392,1829,6383,5377
"sz",1,20141015,100230,10.07,68,1935584,1924,"B",10.06,10.05,10.04,10.03,10.02,10.07,10.08,10.09,10.1,10.11,2431,7134,2761,1916,1311,769,392,1829,6391,5377
"sz",1,20141015,100233,10.06,3,149040,148,"S",10.06,10.05,10.04,10.03,10.02,10.07,10.08,10.09,10.1,10.11,2430,7134,2761,1916,1311,634,432,1839,6355,5377
"sz",1,20141015,100236,10.07,2,37296,37,"B",10.06,10.05,10.04,10.03,10.02,10.07,10.08,10.09,10.1,10.11,2431,7114,2764,1916,1311,606,432,1839,6355,5377
"sz",1,20141015,100239,10.07,1,9064,9,"B",10.06,10.05,10.04,10.03,10.02,10.07,10.08,10.09,10.1,10.11,2435,7114,2764,1916,1311,597,432,1839,6355,5378
"sz",1,20141015,100242,10.07,12,310896,309,"B",10.06,10.05,10.04,10.03,10.02,10.07,10.08,10.09,10.1,10.11,2189,7174,2764,1916,1311,549,432,1839,6355,5378
"sz",1,20141015,100245,10.07,4,515584,512,"B",10.06,10.05,10.04,10.03,10.02,10.07,10.08,10.09,10.1,10.11,2342,7184,2764,1916,1311,37,432,1849,6355,5378
"sz",1,20141015,100248,10.07,6,56128,56,"B",10.07,10.06,10.05,10.04,10.03,10.08,10.09,10.1,10.11,10.12,19,2387,7189,2774,1916,432,1849,6355,5378,1817
"sz",1,20141015,100251,10.08,1,2016,2,"B",10.07,10.06,10.05,10.04,10.03,10.08,10.09,10.1,10.11,10.12,99,2395,7213,2774,1936,430,1849,6355,5378,1817
"sz",1,20141015,100254,10.07,4,90480,89,"S",10.07,10.06,10.05,10.04,10.03,10.08,10.09,10.1,10.11,10.12,164,2410,7265,2774,1936,430,1845,6365,5378,1817
"sz",1,20141015,100257,10.07,1,5032,5,"S",10.07,10.06,10.05,10.04,10.03,10.08,10.09,10.1,10.11,10.12,286,2416,7265,2774,1936,430,1845,6364,5378,1817
"sz",1,20141015,100300,10.07,1,1008,1,"S",10.07,10.06,10.05,10.04,10.03,10.08,10.09,10.1,10.11,10.12,295,2416,7265,2774,1936,427,1845,6364,5378,1817
"sz",1,20141015,100303,10.07,3,10120,10,"S",10.07,10.06,10.05,10.04,10.03,10.08,10.09,10.1,10.11,10.12,289,2505,7234,2774,1936,439,1845,6364,5377,1817
"sz",1,20141015,100305,10.07,2,10208,11,"S",10.07,10.06,10.05,10.04,10.03,10.08,10.09,10.1,10.11,10.12,301,2505,7254,2774,1936,449,1845,6364,5377,1817
"sz",1,20141015,100309,10.08,6,100800,100,"B",10.07,10.06,10.05,10.04,10.03,10.08,10.09,10.1,10.11,10.12,741,2505,7258,2784,1936,419,1845,6364,5377,1817
"sz",1,20141015,100312,10.07,9,236656,235,"S",10.07,10.06,10.05,10.04,10.03,10.08,10.09,10.1,10.11,10.12,568,2616,7258,2784,1936,414,1845,6364,5377,1817
"sz",1,20141015,100315,10.07,12,324256,322,"S",10.07,10.06,10.05,10.04,10.03,10.08,10.09,10.1,10.11,10.12,361,2661,7307,2784,1941,449,1845,6364,5377,1817
"sz",1,20141015,100321,10.08,4,20160,20,"B",10.07,10.06,10.05,10.04,10.03,10.08,10.09,10.1,10.11,10.12,409,2741,7352,2991,1951,439,1845,6364,5378,1807
"sz",1,20141015,100324,10.07,3,102200,101,"S",10.07,10.06,10.05,10.04,10.03,10.08,10.09,10.1,10.11,10.12,458,2742,7382,3007,1951,357,1845,6364,5378,1807
"sz",1,20141015,100330,10.08,14,335200,333,"B",10.07,10.06,10.05,10.04,10.03,10.08,10.09,10.1,10.11,10.12,199,3350,7452,3007,1961,337,1845,6364,5378,1807
"sz",1,20141015,100333,10.07,13,151224,150,"S",10.07,10.06,10.05,10.04,10.03,10.08,10.09,10.1,10.11,10.12,370,3370,7452,3007,1961,221,1865,6364,5378,1807
"sz",1,20141015,100336,10.08,13,107760,107,"B",10.07,10.06,10.05,10.04,10.03,10.08,10.09,10.1,10.11,10.12,301,3373,7452,3017,1961,210,1865,6364,5378,1807
"sz",1,20141015,100342,10.08,2,29232,29,"B",10.07,10.06,10.05,10.04,10.03,10.08,10.09,10.1,10.11,10.12,313,3421,7552,3027,1978,181,1865,6365,5377,1807
"sz",1,20141015,100348,10.07,7,56400,56,"S",10.07,10.06,10.05,10.04,10.03,10.08,10.09,10.1,10.11,10.12,350,3395,7596,3027,2004,279,1865,6365,5377,1807
"sz",1,20141015,100354,10.08,2,10080,10,"B",10.07,10.06,10.05,10.04,10.03,10.08,10.09,10.1,10.11,10.12,443,3423,7631,3007,2014,269,1865,6365,5377,1825
"sz",1,20141015,100359,10.08,4,16112,16,"B",10.07,10.06,10.05,10.04,10.03,10.08,10.09,10.1,10.11,10.12,506,3585,7625,3031,2021,288,1865,6370,5377,1825
"sz",1,20141015,100403,10.07,9,109808,109,"S",10.07,10.06,10.05,10.04,10.03,10.08,10.09,10.1,10.11,10.12,481,3590,7625,3031,2021,299,1865,6370,5377,1825
"sz",1,20141015,100406,10.07,1,1000,1,"S",10.07,10.06,10.05,10.04,10.03,10.08,10.09,10.1,10.11,10.12,495,3692,7655,3031,2021,299,1865,6370,5377,1825
"sz",1,20141015,100414,10.07,1,15112,15,"S",10.07,10.06,10.05,10.04,10.03,10.08,10.09,10.1,10.11,10.12,549,4152,7657,3131,2021,319,1865,6370,5377,1825
"sz",1,20141015,100418,10.08,7,141072,140,"B",10.07,10.06,10.05,10.04,10.03,10.08,10.09,10.1,10.11,10.12,532,4183,7674,3131,2182,306,1865,6370,5377,1825
"sz",1,20141015,100424,10.08,4,30240,30,"B",10.07,10.06,10.05,10.04,10.03,10.08,10.09,10.1,10.11,10.12,602,4199,7692,3151,2182,276,1765,6358,5377,1826
"sz",1,20141015,100427,10.07,2,20384,20,"S",10.07,10.06,10.05,10.04,10.03,10.08,10.09,10.1,10.11,10.12,629,4199,7693,3156,2182,256,1765,6358,5377,1826
"sz",1,20141015,100433,10.07,7,149224,148,"S",10.07,10.06,10.05,10.04,10.03,10.08,10.09,10.1,10.11,10.12,766,4168,7693,3156,2182,169,1765,6346,5377,1928
"sz",1,20141015,100436,10.08,4,30240,30,"B",10.07,10.06,10.05,10.04,10.03,10.08,10.09,10.1,10.11,10.12,956,4178,7693,3156,2182,139,1765,6346,5377,1928
"sz",1,20141015,100442,10.08,6,152920,152,"B",10.08,10.07,10.06,10.05,10.04,10.09,10.1,10.11,10.12,10.13,1848,1142,4258,7725,3156,1681,6346,5377,1928,2148
"sz",1,20141015,100445,10.08,2,75600,75,"S",10.08,10.07,10.06,10.05,10.04,10.09,10.1,10.11,10.12,10.13,1773,1282,4318,7725,3161,1681,6346,5377,1928,2148
"sz",1,20141015,100448,10.09,6,64552,64,"B",10.08,10.07,10.06,10.05,10.04,10.09,10.1,10.11,10.12,10.13,1753,1510,4323,7725,3161,1637,6346,5377,1927,2148
"sz",1,20141015,100451,10.08,4,90744,90,"S",10.08,10.07,10.06,10.05,10.04,10.09,10.1,10.11,10.12,10.13,1682,1510,4323,7715,3163,1622,6346,5377,1927,2148
"sz",1,20141015,100457,10.09,35,1637792,1623,"B",10.09,10.08,10.07,10.06,10.05,10.1,10.11,10.12,10.13,10.14,8377,1683,1689,4328,7718,6346,5377,1927,2148,5335
"sz",1,20141015,100503,10.09,4,24592,24,"S",10.09,10.08,10.07,10.06,10.05,10.1,10.11,10.12,10.13,10.14,8353,1700,1699,4388,7718,6346,5377,1927,2148,5335
"sz",1,20141015,100506,10.09,1,208,1,"S",10.09,10.08,10.07,10.06,10.05,10.1,10.11,10.12,10.13,10.14,8353,1700,1714,4388,7690,6346,5377,1927,2148,5335
"sz",1,20141015,100509,10.09,3,64712,64,"S",10.09,10.08,10.07,10.06,10.05,10.1,10.11,10.12,10.13,10.14,8289,1700,1712,4388,7690,6350,5377,1927,2148,5335
"sz",1,20141015,100512,10.09,2,103016,102,"S",10.08,10.07,10.06,10.05,10.04,10.09,10.1,10.11,10.12,10.13,39,1722,4378,7685,3163,13,6250,5377,1927,2148
"sz",1,20141015,100521,10.09,2,20176,20,"B",10.08,10.07,10.06,10.05,10.04,10.09,10.1,10.11,10.12,10.13,49,1722,4388,7688,3163,114,6260,5378,1927,2148
"sz",1,20141015,100527,10.08,3,20160,20,"S",10.08,10.07,10.06,10.05,10.04,10.09,10.1,10.11,10.12,10.13,178,1710,4544,8093,3163,116,6260,5378,1927,2148
"sz",1,20141015,100530,10.08,2,3032,3,"S",10.08,10.07,10.06,10.05,10.04,10.09,10.1,10.11,10.12,10.13,167,1732,4538,8093,3163,139,6255,5378,1927,2148
"sz",1,20141015,100533,10.08,13,154416,153,"S",10.08,10.07,10.06,10.05,10.04,10.09,10.1,10.11,10.12,10.13,156,1782,4538,8093,3163,39,6255,5378,1927,2148
"sz",1,20141015,100542,10.09,5,70592,70,"B",10.08,10.07,10.06,10.05,10.04,10.09,10.1,10.11,10.12,10.13,216,2119,4545,8115,3201,63,6255,5378,1927,2148
"sz",1,20141015,100544,10.1,3,95880,95,"B",10.08,10.07,10.06,10.05,10.04,10.1,10.11,10.12,10.13,10.14,258,2119,4642,8115,3201,6223,5377,1927,2148,5385
"sz",1,20141015,100548,10.09,1,2024,2,"S",10.08,10.07,10.06,10.05,10.04,10.09,10.1,10.11,10.12,10.13,268,2235,4432,8115,3211,68,6223,5377,1927,2148
"sz",1,20141015,100554,10.08,7,102816,102,"S",10.08,10.07,10.06,10.05,10.04,10.09,10.1,10.11,10.12,10.13,203,2265,4469,8115,3208,66,6223,5377,1927,2148
"sz",1,20141015,100600,10.09,1,2016,2,"B",10.08,10.07,10.06,10.05,10.04,10.09,10.1,10.11,10.12,10.13,328,2287,4706,8115,3202,106,6223,5377,1927,2118
"sz",1,20141015,100603,10.08,1,9128,9,"S",10.08,10.07,10.06,10.05,10.04,10.09,10.1,10.11,10.12,10.13,362,2287,4706,8115,3202,120,6230,5377,1927,2118
"sz",1,20141015,100606,10.09,3,11232,11,"B",10.08,10.07,10.06,10.05,10.04,10.09,10.1,10.11,10.12,10.13,390,2293,4736,8115,3202,152,6230,5377,1927,2118
"sz",1,20141015,100609,10.08,2,25208,25,"S",10.08,10.07,10.06,10.05,10.04,10.09,10.1,10.11,10.12,10.13,449,2310,4734,8125,3202,151,6268,5377,1927,2118
"sz",1,20141015,100611,10.08,7,101808,101,"S",10.08,10.07,10.06,10.05,10.04,10.09,10.1,10.11,10.12,10.13,378,2309,4744,8125,3202,151,6268,5377,1927,2118
"sz",1,20141015,100615,10.08,2,3536,4,"S",10.08,10.07,10.06,10.05,10.04,10.09,10.1,10.11,10.12,10.13,400,2319,4744,8125,3202,278,6268,5377,1927,2118
"sz",1,20141015,100618,10.09,2,54488,54,"B",10.08,10.07,10.06,10.05,10.04,10.09,10.1,10.11,10.12,10.13,400,2361,4744,8130,3202,274,6268,5377,1927,2118
"sz",1,20141015,100621,10.08,3,18744,18,"S",10.08,10.07,10.06,10.05,10.04,10.09,10.1,10.11,10.12,10.13,421,2379,4744,8130,3212,305,6278,5377,1927,2118
"sz",1,20141015,100623,10.09,1,2016,2,"B",10.08,10.07,10.06,10.05,10.04,10.09,10.1,10.11,10.12,10.13,426,2534,4747,8130,3204,317,6278,5377,1927,2118
"sz",1,20141015,100627,10.08,1,7056,7,"S",10.08,10.07,10.06,10.05,10.04,10.09,10.1,10.11,10.12,10.13,636,2538,4747,8140,3204,322,6278,5377,1927,2118
"sz",1,20141015,100630,10.08,17,245768,244,"S",10.08,10.07,10.06,10.05,10.04,10.09,10.1,10.11,10.12,10.13,422,2612,4747,8140,3204,3136,6278,5377,2011,2118
"sz",1,20141015,100633,10.08,7,127184,126,"S",10.08,10.07,10.06,10.05,10.04,10.09,10.1,10.11,10.12,10.13,413,2617,4962,8142,3266,3031,6278,5377,2011,2118
"sz",1,20141015,100636,10.08,8,91568,91,"S",10.08,10.07,10.06,10.05,10.04,10.09,10.1,10.11,10.12,10.13,1322,2617,4962,8142,3277,3031,6282,5377,2011,2118
"sz",1,20141015,100645,10.09,1,23208,23,"B",10.08,10.07,10.06,10.05,10.04,10.09,10.1,10.11,10.12,10.13,1413,2777,4959,8154,3277,3010,6282,5377,2011,2118
"sz",1,20141015,100648,10.08,4,50400,50,"S",10.08,10.07,10.06,10.05,10.04,10.09,10.1,10.11,10.12,10.13,1363,2783,4963,8154,3304,3040,6282,5377,2011,2118
"sz",1,20141015,100651,10.08,1,5040,5,"S",10.08,10.07,10.06,10.05,10.04,10.09,10.1,10.11,10.12,10.13,1408,2783,4965,8154,3324,3043,6282,5377,2011,2118
"sz",1,20141015,100653,10.09,5,62504,62,"B",10.08,10.07,10.06,10.05,10.04,10.09,10.1,10.11,10.12,10.13,348,2983,4967,8154,3324,3041,6282,5377,2011,2118
"sz",1,20141015,100657,10.08,8,235544,233,"S",10.08,10.07,10.06,10.05,10.04,10.09,10.1,10.11,10.12,10.13,282,4428,4967,8264,3324,2938,6282,5377,2011,2118
"sz",1,20141015,100700,10.08,1,16128,16,"S",10.08,10.07,10.06,10.05,10.04,10.09,10.1,10.11,10.12,10.13,276,4433,4961,8250,3324,2938,6282,5377,2011,2118
"sz",1,20141015,100703,10.08,2,10136,11,"S",10.08,10.07,10.06,10.05,10.04,10.09,10.1,10.11,10.12,10.13,268,4443,4961,8250,3324,2950,6282,5377,2011,2118
"sz",1,20141015,100706,10.09,6,93720,92,"B",10.08,10.07,10.06,10.05,10.04,10.09,10.1,10.11,10.12,10.13,180,4477,5014,8250,3324,2947,6282,5377,2011,2118
"sz",1,20141015,100709,10.08,3,12680,13,"S",10.08,10.07,10.06,10.05,10.04,10.09,10.1,10.11,10.12,10.13,202,4477,5012,8250,3324,2951,6282,5377,2011,2118
"sz",1,20141015,100712,10.09,1,10096,10,"B",10.08,10.07,10.06,10.05,10.04,10.09,10.1,10.11,10.12,10.13,209,4460,5012,8250,3324,2941,6282,5377,2011,2118
"sz",1,20141015,100715,10.08,8,69760,69,"S",10.08,10.07,10.06,10.05,10.04,10.09,10.1,10.11,10.12,10.13,144,4470,4972,8201,3324,2941,6282,5377,2011,2118
"sz",1,20141015,100721,10.09,7,45392,45,"B",10.08,10.07,10.06,10.05,10.04,10.09,10.1,10.11,10.12,10.13,260,4670,4982,8201,3324,2951,6282,5377,1880,2118
"sz",1,20141015,100723,10.09,9,92584,92,"B",10.08,10.07,10.06,10.05,10.04,10.09,10.1,10.11,10.12,10.13,182,4670,4985,8201,3334,2972,6282,5377,1880,2130
"sz",1,20141015,100727,10.08,2,30240,30,"S",10.08,10.07,10.06,10.05,10.04,10.09,10.1,10.11,10.12,10.13,157,4670,4985,8201,3334,2972,6282,5377,1880,2148
"sz",1,20141015,100730,10.08,7,33784,34,"S",10.08,10.07,10.06,10.05,10.04,10.09,10.1,10.11,10.12,10.13,3170,4670,4985,8201,3334,2971,6285,5377,1880,2148
"sz",1,20141015,100733,10.08,7,138264,137,"S",10.08,10.07,10.06,10.05,10.04,10.09,10.1,10.11,10.12,10.13,3159,4687,4985,8206,3334,2865,6285,5377,1880,2148
"sz",1,20141015,100736,10.09,2,52416,52,"B",10.08,10.07,10.06,10.05,10.04,10.09,10.1,10.11,10.12,10.13,3218,4707,5034,8206,3334,2863,6285,5377,1880,2148
"sz",1,20141015,100742,10.08,9,123352,122,"S",10.08,10.07,10.06,10.05,10.04,10.09,10.1,10.11,10.12,10.13,3183,4707,5047,8206,3334,2860,6285,5377,1872,2148
"sz",1,20141015,100750,10.09,2,21184,21,"B",10.08,10.07,10.06,10.05,10.04,10.09,10.1,10.11,10.12,10.13,3150,4717,5050,8206,3334,2843,6278,5377,1872,2148
"sz",1,20141015,100800,10.09,2,128144,127,"B",10.08,10.07,10.06,10.05,10.04,10.09,10.1,10.11,10.12,10.13,3151,4825,5050,8255,3324,2699,6278,5377,1872,2127
"sz",1,20141015,100803,10.08,2,11136,11,"S",10.08,10.07,10.06,10.05,10.04,10.09,10.1,10.11,10.12,10.13,3150,4825,5011,8255,3324,2927,6278,5377,1879,2127
"sz",1,20141015,100805,10.08,2,132192,131,"S",10.08,10.07,10.06,10.05,10.04,10.09,10.1,10.11,10.12,10.13,3239,4825,4942,8200,3324,2927,6278,5377,1879,2127
"sz",1,20141015,100809,10.08,5,138192,137,"S",10.08,10.07,10.06,10.05,10.04,10.09,10.1,10.11,10.12,10.13,3219,4876,4942,8200,3304,2862,6278,5377,1879,2127
"sz",1,20141015,100818,10.08,4,52568,52,"S",10.08,10.07,10.06,10.05,10.04,10.09,10.1,10.11,10.12,10.13,3874,4858,4954,8205,3304,2878,6268,5377,1879,2127
"sz",1,20141015,100821,10.08,2,96616,96,"S",10.08,10.07,10.06,10.05,10.04,10.09,10.1,10.11,10.12,10.13,3781,4858,4954,8214,3304,2878,6280,5377,1879,2127
"sz",1,20141015,100822,10.09,2,70568,70,"B",10.08,10.07,10.06,10.05,10.04,10.09,10.1,10.11,10.12,10.13,3715,4858,4954,8214,3304,2876,6280,5377,1879,2127
"sz",1,20141015,100827,10.09,3,104144,103,"B",10.08,10.07,10.06,10.05,10.04,10.09,10.1,10.11,10.12,10.13,3821,4890,4954,8221,3304,2776,6280,5377,1879,2127
"sz",1,20141015,100829,10.09,1,9080,9,"B",10.08,10.07,10.06,10.05,10.04,10.09,10.1,10.11,10.12,10.13,3843,4890,4954,8221,3324,2767,6280,5377,1879,2127
"sz",1,20141015,100833,10.08,5,143712,143,"S",10.08,10.07,10.06,10.05,10.04,10.09,10.1,10.11,10.12,10.13,3817,4910,4954,8201,3324,2659,6280,5377,1879,2127
"sz",1,20141015,100836,10.08,4,173576,172,"S",10.08,10.07,10.06,10.05,10.04,10.09,10.1,10.11,10.12,10.13,3650,4910,4958,8201,3329,2659,6280,5377,1879,2127
"sz",1,20141015,100842,10.08,1,2424,3,"S",10.08,10.07,10.06,10.05,10.04,10.09,10.1,10.11,10.12,10.13,3649,4952,4963,8201,3329,2657,6280,5377,1879,2127
"sz",1,20141015,100847,10.08,1,90568,89,"S",10.08,10.07,10.06,10.05,10.04,10.09,10.1,10.11,10.12,10.13,3580,5008,4963,8201,3342,2657,6280,5377,1879,2127
"sz",1,20141015,100850,10.09,2,423384,420,"B",10.08,10.07,10.06,10.05,10.04,10.09,10.1,10.11,10.12,10.13,3180,5008,4963,8201,3342,2637,6280,5377,1879,2125
"sz",1,20141015,100854,10.09,1,5040,5,"B",10.08,10.07,10.06,10.05,10.04,10.09,10.1,10.11,10.12,10.13,3225,4818,4963,8201,3342,2632,6280,5377,1879,2125
"sz",1,20141015,100856,10.08,1,1008,1,"S",10.08,10.07,10.06,10.05,10.04,10.09,10.1,10.11,10.12,10.13,3225,4818,4963,8212,3342,2634,6280,5377,1879,2125
"sz",1,20141015,100903,10.08,2,49448,49,"S",10.08,10.07,10.06,10.05,10.04,10.09,10.1,10.11,10.12,10.13,3176,4818,4963,8212,3342,2670,6280,5377,1879,2125
"sz",1,20141015,100905,10.09,2,5040,5,"B",10.08,10.07,10.06,10.05,10.04,10.09,10.1,10.11,10.12,10.13,3205,4818,4963,8212,3342,2666,6280,5377,1879,2125
"sz",1,20141015,100909,10.08,2,45496,46,"S",10.08,10.07,10.06,10.05,10.04,10.09,10.1,10.11,10.12,10.13,3165,4810,4963,8212,3342,2856,6280,5377,1879,2125
"sz",1,20141015,100911,10.08,1,90568,89,"S",10.08,10.07,10.06,10.05,10.04,10.09,10.1,10.11,10.12,10.13,3469,4810,4963,8212,3342,2856,6280,5377,1879,2125
"sz",1,20141015,100915,10.08,1,3024,3,"S",10.08,10.07,10.06,10.05,10.04,10.09,10.1,10.11,10.12,10.13,3466,4810,5278,8212,3342,2854,6280,5377,1879,2125
"sz",1,20141015,100918,10.08,2,607216,603,"S",10.08,10.07,10.06,10.05,10.04,10.09,10.1,10.11,10.12,10.13,2964,4810,5298,8207,3342,2854,6280,5377,1879,2125
"sz",1,20141015,100921,10.08,2,303416,301,"S",10.08,10.07,10.06,10.05,10.04,10.09,10.1,10.11,10.12,10.13,2710,4820,5298,8207,3342,2851,6280,5377,1879,2125
"sz",1,20141015,100927,10.08,3,172368,171,"S",10.08,10.07,10.06,10.05,10.04,10.09,10.1,10.11,10.12,10.13,2614,4820,5303,8207,3542,2849,6280,5377,1879,2125
"sz",1,20141015,100930,10.08,3,13032,13,"S",10.08,10.07,10.06,10.05,10.04,10.09,10.1,10.11,10.12,10.13,2661,4820,5303,8217,3543,2847,6280,5377,1879,2125
"sz",1,20141015,100933,10.08,11,817664,811,"S",10.08,10.07,10.06,10.05,10.04,10.09,10.1,10.11,10.12,10.13,2039,4820,5467,8217,3543,2697,6280,5377,1879,2125
"sz",1,20141015,100936,10.09,2,12104,12,"B",10.08,10.07,10.06,10.05,10.04,10.09,10.1,10.11,10.12,10.13,2045,4820,5467,8217,3543,2685,6280,5377,1879,2125
"sz",1,20141015,100938,10.08,9,92584,92,"S",10.08,10.07,10.06,10.05,10.04,10.09,10.1,10.11,10.12,10.13,1959,4820,5467,8217,3543,2709,6280,5377,1879,2125
"sz",1,20141015,100942,10.08,2,12816,12,"S",10.08,10.07,10.06,10.05,10.04,10.09,10.1,10.11,10.12,10.13,1946,4820,5485,8217,3543,2697,6280,5377,1879,2125
"sz",1,20141015,100948,10.08,5,13104,13,"S",10.08,10.07,10.06,10.05,10.04,10.09,10.1,10.11,10.12,10.13,1948,4799,5285,8217,3551,2697,6280,5377,1879,2125
"sz",1,20141015,100951,10.08,8,300384,298,"S",10.08,10.07,10.06,10.05,10.04,10.09,10.1,10.11,10.12,10.13,1737,4799,5285,8217,3541,2697,6280,5377,1879,2125
"sz",1,20141015,100954,10.08,1,273168,271,"S",10.08,10.07,10.06,10.05,10.04,10.09,10.1,10.11,10.12,10.13,1469,4797,5285,8217,3541,2728,6244,5377,1879,2125
"sz",1,20141015,100956,10.08,2,92584,92,"S",10.08,10.07,10.06,10.05,10.04,10.09,10.1,10.11,10.12,10.13,1389,4799,5285,8217,3541,2726,6244,5377,1879,2125
"sz",1,20141015,101003,10.08,3,19344,19,"S",10.08,10.07,10.06,10.05,10.04,10.09,10.1,10.11,10.12,10.13,3085,4849,5285,8219,3541,2755,6244,5377,1879,2125
"sz",1,20141015,101006,10.08,6,162312,161,"S",10.08,10.07,10.06,10.05,10.04,10.09,10.1,10.11,10.12,10.13,3103,4849,5285,8219,3541,2732,6244,5377,1879,2125
"sz",1,20141015,101008,10.09,1,244184,242,"B",10.08,10.07,10.06,10.05,10.04,10.09,10.1,10.11,10.12,10.13,3608,4849,5319,8219,3541,2494,6244,5377,1879,2125
"sz",1,20141015,101013,10.08,1,2728,3,"S",10.08,10.07,10.06,10.05,10.04,10.09,10.1,10.11,10.12,10.13,3607,4793,5319,8229,3541,2491,6244,5377,1879,2125
"sz",1,20141015,101015,10.09,3,211888,210,"B",10.08,10.07,10.06,10.05,10.04,10.09,10.1,10.11,10.12,10.13,3637,4778,5319,8229,3541,2281,6244,5377,1879,2125
"sz",1,20141015,101024,10.08,1,224,0,"B",10.08,10.07,10.06,10.05,10.04,10.09,10.1,10.11,10.12,10.13,3965,5018,5319,8229,3541,2327,6244,5377,1879,2125
"sz",1,20141015,101027,10.08,1,2976,3,"S",10.08,10.07,10.06,10.05,10.04,10.09,10.1,10.11,10.12,10.13,4012,5018,5302,8249,3541,2327,6234,5377,1879,2125
