"market","ticker","date","time","trade_price","number_of_trades","trade_money","trade_volume","direction","buy1_price","buy2_price","buy3_price","buy4_price","buy5_price","sell1_price","sell2_price","sell3_price","sell4_price","sell5_price","buy1_quantity","buy2_quantity","buy3_quantity","buy4_quantity","buy5_quantity","sell1_quantity","sell2_quantity","sell3_quantity","sell4_quantity","sell5_quantity"
"sz",1,20141010,92500,10.16,197,2952496,2906,"S",10.16,10.15,10.14,10.13,10.12,10.17,10.18,10.19,10.2,10.21,182,1228,646,572,831,147,1046,349,1432,1177
"sz",1,20141010,93000,10.17,54,1014501,999,"B",10.16,10.15,10.14,10.13,10.12,10.17,10.18,10.19,10.2,10.21,83,1274,954,667,941,115,886,995,1015,1987
"sz",1,20141010,93003,10.16,107,1705777,1679,"S",10.15,10.14,10.13,10.12,10.11,10.16,10.17,10.18,10.19,10.2,1703,1533,984,2664,1529,672,212,905,1055,1199
"sz",1,20141010,93006,10.16,1,4064,4,"B",10.15,10.14,10.13,10.12,10.11,10.16,10.17,10.18,10.19,10.2,1691,1533,984,2674,1579,1733,235,906,1055,1199
"sz",1,20141010,93008,10.15,3,78155,77,"S",10.15,10.14,10.13,10.12,10.11,10.16,10.17,10.18,10.19,10.2,1634,1535,984,2674,1579,1733,255,906,1055,1199
"sz",1,20141010,93012,10.15,13,174580,172,"S",10.15,10.14,10.13,10.12,10.11,10.16,10.17,10.18,10.19,10.2,1454,1535,984,2674,1579,1841,255,906,1055,1199
"sz",1,20141010,93015,10.15,14,534905,527,"S",10.15,10.14,10.13,10.12,10.11,10.16,10.17,10.18,10.19,10.2,932,1735,984,2724,1579,1913,255,905,1055,1199
"sz",1,20141010,93017,10.15,29,761280,750,"S",10.15,10.14,10.13,10.12,10.11,10.16,10.17,10.18,10.19,10.2,213,1735,984,2724,1579,1883,255,905,1055,1199
"sz",1,20141010,93021,10.15,1,37555,37,"S",10.15,10.14,10.13,10.12,10.11,10.16,10.17,10.18,10.19,10.2,176,1735,984,2724,1779,1888,255,905,1055,1199
"sz",1,20141010,93024,10.15,9,190822,188,"S",10.14,10.13,10.12,10.11,10.1,10.15,10.16,10.17,10.18,10.19,1724,994,2724,1779,5827,14,1886,255,905,1554
"sz",1,20141010,93027,10.15,8,90335,89,"B",10.14,10.13,10.12,10.11,10.1,10.15,10.16,10.17,10.18,10.19,1734,1004,2724,1779,5827,3,1886,255,905,1604
"sz",1,20141010,93030,10.15,8,54791,54,"B",10.15,10.14,10.13,10.12,10.11,10.16,10.17,10.18,10.19,10.2,1,1715,1017,2724,1799,1886,255,905,1604,1199
"sz",1,20141010,93033,10.15,8,112606,111,"S",10.15,10.14,10.13,10.12,10.11,10.16,10.17,10.18,10.19,10.2,369,1631,1017,2724,1799,1881,255,905,1604,1219
"sz",1,20141010,93036,10.16,6,140075,138,"B",10.15,10.14,10.13,10.12,10.11,10.16,10.17,10.18,10.19,10.2,248,1641,1017,2724,1809,1862,255,905,1604,1219
"sz",1,20141010,93039,10.15,11,283063,279,"S",10.15,10.14,10.13,10.12,10.11,10.16,10.17,10.18,10.19,10.2,9,1661,1037,2624,1809,1862,255,905,1604,1219
"sz",1,20141010,93042,10.15,2,2030,2,"S",10.15,10.14,10.13,10.12,10.11,10.16,10.17,10.18,10.19,10.2,7,1671,1037,2629,1809,1852,263,930,1604,1219
"sz",1,20141010,93045,10.15,3,24482,24,"S",10.14,10.13,10.12,10.11,10.1,10.15,10.16,10.17,10.18,10.19,1671,1037,2629,1813,6372,51,1852,263,930,1604
"sz",1,20141010,93048,10.15,3,16240,16,"B",10.14,10.13,10.12,10.11,10.1,10.15,10.16,10.17,10.18,10.19,1711,1047,2629,1833,6411,246,1823,263,930,1604
"sz",1,20141010,93051,10.15,10,422240,416,"B",10.14,10.13,10.12,10.11,10.1,10.15,10.16,10.17,10.18,10.19,1711,1047,2629,1833,6431,100,1823,263,930,1604
"sz",1,20141010,93054,10.15,1,10150,10,"B",10.14,10.13,10.12,10.11,10.1,10.15,10.16,10.17,10.18,10.19,1713,1147,2629,1833,6444,105,2123,263,930,1604
"sz",1,20141010,93057,10.15,1,1015,1,"B",10.14,10.13,10.12,10.11,10.1,10.15,10.16,10.17,10.18,10.19,1723,1163,2629,1838,6444,154,2123,263,930,1604
"sz",1,20141010,93100,10.14,12,158244,156,"S",10.14,10.13,10.12,10.11,10.1,10.15,10.16,10.17,10.18,10.19,1652,1183,2629,1840,6444,149,2073,258,930,1629
"sz",1,20141010,93103,10.16,20,496300,489,"B",10.14,10.13,10.12,10.11,10.1,10.15,10.16,10.17,10.18,10.19,1635,1183,2639,1840,6451,6,2056,258,930,1629
"sz",1,20141010,93106,10.15,6,61885,61,"B",10.15,10.14,10.13,10.12,10.11,10.16,10.17,10.18,10.19,10.2,274,1605,1183,2662,1865,2056,258,930,1629,1224
"sz",1,20141010,93112,10.15,4,299059,295,"S",10.15,10.14,10.13,10.12,10.11,10.16,10.17,10.18,10.19,10.2,21,1667,1196,2633,2277,1949,258,930,1629,1251
"sz",1,20141010,93115,10.15,2,3047,3,"S",10.15,10.14,10.13,10.12,10.11,10.16,10.17,10.18,10.19,10.2,177,1685,1196,2633,2277,1947,258,930,1629,1251
"sz",1,20141010,93118,10.15,6,39585,39,"S",10.15,10.14,10.13,10.12,10.11,10.16,10.17,10.18,10.19,10.2,500,1685,1196,2623,2277,1947,258,930,1629,1251
"sz",1,20141010,93121,10.15,3,10150,10,"S",10.15,10.14,10.13,10.12,10.11,10.16,10.17,10.18,10.19,10.2,491,1795,1203,2623,2277,1946,253,930,1629,1256
"sz",1,20141010,93124,10.15,3,46690,46,"S",10.15,10.14,10.13,10.12,10.11,10.16,10.17,10.18,10.19,10.2,604,1977,1222,2623,2313,1930,323,930,1639,1256
"sz",1,20141010,93130,10.15,1,23345,23,"S",10.15,10.14,10.13,10.12,10.11,10.16,10.17,10.18,10.19,10.2,704,2019,1287,2641,2318,1930,323,940,1670,1256
"sz",1,20141010,93136,10.16,1,2032,2,"B",10.15,10.14,10.13,10.12,10.11,10.16,10.17,10.18,10.19,10.2,720,2052,1724,2651,2336,1952,323,945,1831,1257
"sz",1,20141010,93139,10.16,3,42651,42,"B",10.15,10.14,10.13,10.12,10.11,10.16,10.17,10.18,10.19,10.2,758,2052,1724,2811,2336,1936,323,945,1831,1257
"sz",1,20141010,93142,10.15,6,73125,72,"S",10.15,10.14,10.13,10.12,10.11,10.16,10.17,10.18,10.19,10.2,741,2162,1724,2766,2336,1812,323,945,1831,1257
"sz",1,20141010,93145,10.15,3,30460,30,"S",10.15,10.14,10.13,10.12,10.11,10.16,10.17,10.18,10.19,10.2,726,2182,1724,2766,2336,1802,323,947,1831,1257
"sz",1,20141010,93148,10.16,2,12192,12,"B",10.15,10.14,10.13,10.12,10.11,10.16,10.17,10.18,10.19,10.2,773,2235,1740,2766,2336,1787,323,947,1831,1257
"sz",1,20141010,93151,10.15,1,5075,5,"S",10.15,10.14,10.13,10.12,10.11,10.16,10.17,10.18,10.19,10.2,818,2265,1760,2766,2336,1787,317,947,1831,1257
"sz",1,20141010,93154,10.16,7,131424,129,"B",10.15,10.14,10.13,10.12,10.11,10.16,10.17,10.18,10.19,10.2,757,2335,1768,2776,2346,1785,317,972,1831,1226
"sz",1,20141010,93157,10.16,1,5080,5,"B",10.15,10.14,10.13,10.12,10.11,10.16,10.17,10.18,10.19,10.2,794,2352,1768,2786,2366,1783,310,972,1840,1226
"sz",1,20141010,93200,10.15,7,26390,26,"S",10.15,10.14,10.13,10.12,10.11,10.16,10.17,10.18,10.19,10.2,829,2470,1758,2786,2366,1715,310,972,1840,1226
"sz",1,20141010,93203,10.16,13,263143,259,"B",10.15,10.14,10.13,10.12,10.11,10.16,10.17,10.18,10.19,10.2,836,2470,1788,2786,2366,1497,310,972,1840,1226
"sz",1,20141010,93206,10.15,3,84245,83,"S",10.15,10.14,10.13,10.12,10.11,10.16,10.17,10.18,10.19,10.2,827,2520,1768,2796,2366,1497,310,952,1840,1241
"sz",1,20141010,93209,10.16,3,106020,104,"B",10.15,10.14,10.13,10.12,10.11,10.16,10.17,10.18,10.19,10.2,864,2595,1808,2796,2223,1395,310,952,1840,1241
"sz",1,20141010,93212,10.15,5,89942,89,"S",10.15,10.14,10.13,10.12,10.11,10.16,10.17,10.18,10.19,10.2,987,2610,1808,2796,2223,1382,310,958,1840,1241
"sz",1,20141010,93215,10.15,58,1166164,1149,"S",10.14,10.13,10.12,10.11,10.1,10.15,10.16,10.17,10.18,10.19,2610,1808,2796,2223,7262,840,1382,310,958,1840
"sz",1,20141010,93218,10.15,7,138040,136,"B",10.14,10.13,10.12,10.11,10.1,10.15,10.16,10.17,10.18,10.19,2622,1818,2796,2223,7262,704,1382,310,958,1840
"sz",1,20141010,93221,10.15,1,30450,30,"B",10.14,10.13,10.12,10.11,10.1,10.15,10.16,10.17,10.18,10.19,2622,1818,2746,2223,7262,674,1382,310,970,1840
"sz",1,20141010,93224,10.15,4,158340,156,"B",10.14,10.13,10.12,10.11,10.1,10.15,10.16,10.17,10.18,10.19,2672,2343,2746,2233,7262,783,1385,310,970,1840
"sz",1,20141010,93227,10.15,6,826281,814,"B",10.15,10.14,10.13,10.12,10.11,10.16,10.17,10.18,10.19,10.2,531,2792,2357,2736,2233,1385,310,970,1840,1231
"sz",1,20141010,93230,10.16,3,71119,70,"B",10.15,10.14,10.13,10.12,10.11,10.16,10.17,10.18,10.19,10.2,530,2798,2357,2736,2233,1316,310,970,1840,1231
"sz",1,20141010,93233,10.15,3,360325,355,"S",10.15,10.14,10.13,10.12,10.11,10.16,10.17,10.18,10.19,10.2,245,2809,2357,2736,2243,1316,310,970,1840,1243
"sz",1,20141010,93236,10.15,13,308489,304,"S",10.14,10.13,10.12,10.11,10.1,10.15,10.16,10.17,10.18,10.19,2819,2357,2736,2243,7312,510,1316,310,970,1840
"sz",1,20141010,93239,10.15,2,71050,70,"B",10.14,10.13,10.12,10.11,10.1,10.15,10.16,10.17,10.18,10.19,2913,2357,2736,2243,7322,457,1316,310,970,1840
"sz",1,20141010,93242,10.15,13,555257,547,"B",10.15,10.14,10.13,10.12,10.11,10.16,10.17,10.18,10.19,10.2,595,2913,2357,2736,2243,1264,310,970,1840,1243
"sz",1,20141010,93245,10.15,5,57855,57,"S",10.15,10.14,10.13,10.12,10.11,10.16,10.17,10.18,10.19,10.2,565,2914,2457,2736,2254,1264,310,970,1840,1194
"sz",1,20141010,93247,10.16,3,21319,21,"B",10.15,10.14,10.13,10.12,10.11,10.16,10.17,10.18,10.19,10.2,892,2919,2457,2726,2304,1238,310,970,1840,1194
"sz",1,20141010,93251,10.15,5,92390,91,"S",10.15,10.14,10.13,10.12,10.11,10.16,10.17,10.18,10.19,10.2,830,2961,2457,2726,2347,1213,310,1396,1840,1194
"sz",1,20141010,93254,10.15,5,287245,283,"S",10.15,10.14,10.13,10.12,10.11,10.16,10.17,10.18,10.19,10.2,560,3091,2436,2726,2347,1214,334,1396,1679,1194
"sz",1,20141010,93257,10.15,3,112665,111,"S",10.15,10.14,10.13,10.12,10.11,10.16,10.17,10.18,10.19,10.2,619,3091,2436,2726,2437,1214,334,1396,1679,1194
"sz",1,20141010,93300,10.14,29,1004843,990,"S",10.14,10.13,10.12,10.11,10.1,10.15,10.16,10.17,10.18,10.19,3179,2436,2726,2048,7957,64,1213,333,1396,1679
"sz",1,20141010,93303,10.15,10,307776,303,"B",10.15,10.14,10.13,10.12,10.11,10.16,10.17,10.18,10.19,10.2,83,3176,2436,2726,2058,979,333,1396,1679,1194
"sz",1,20141010,93306,10.16,112,3049222,3007,"B",10.15,10.14,10.13,10.12,10.11,10.16,10.17,10.18,10.19,10.2,5,338,2436,2726,2146,974,333,1396,1679,1194
"sz",1,20141010,93309,10.15,8,14210,14,"S",10.15,10.14,10.13,10.12,10.11,10.16,10.17,10.18,10.19,10.2,98,388,2432,2726,2146,973,333,1396,1679,1194
"sz",1,20141010,93312,10.14,14,166458,164,"S",10.14,10.13,10.12,10.11,10.1,10.15,10.16,10.17,10.18,10.19,396,2432,2726,2161,7973,194,973,360,1396,1679
"sz",1,20141010,93315,10.15,7,119768,118,"B",10.14,10.13,10.12,10.11,10.1,10.15,10.16,10.17,10.18,10.19,394,2443,2739,2161,7973,78,1134,361,1397,1679
"sz",1,20141010,93318,10.15,8,97440,96,"B",10.15,10.14,10.13,10.12,10.11,10.16,10.17,10.18,10.19,10.2,873,394,2449,2739,2161,1134,361,1391,1679,1194
"sz",1,20141010,93321,10.15,3,3044,3,"S",10.15,10.14,10.13,10.12,10.11,10.16,10.17,10.18,10.19,10.2,870,414,2449,2739,2161,1135,360,1391,1679,1194
"sz",1,20141010,93324,10.15,6,24370,24,"S",10.15,10.14,10.13,10.12,10.11,10.16,10.17,10.18,10.19,10.2,866,438,2449,2739,2161,1234,360,1391,1669,1189
"sz",1,20141010,93327,10.15,6,236090,233,"S",10.15,10.14,10.13,10.12,10.11,10.16,10.17,10.18,10.19,10.2,635,474,2449,2739,2166,1220,360,1391,1686,1194
"sz",1,20141010,93330,10.15,6,189804,187,"S",10.15,10.14,10.13,10.12,10.11,10.16,10.17,10.18,10.19,10.2,514,504,2451,2739,2176,1240,360,1391,1686,1194
"sz",1,20141010,93333,10.14,15,1034690,1019,"S",10.14,10.13,10.12,10.11,10.1,10.15,10.16,10.17,10.18,10.19,591,2451,2739,2210,8078,1656,1240,360,1391,1682
"sz",1,20141010,93336,10.14,6,16234,16,"S",10.14,10.13,10.12,10.11,10.1,10.15,10.16,10.17,10.18,10.19,1071,2508,2767,2210,8083,1777,1240,360,1391,1682
"sz",1,20141010,93339,10.14,6,562308,554,"S",10.14,10.13,10.12,10.11,10.1,10.15,10.16,10.17,10.18,10.19,1337,2529,2772,2260,8086,2228,1239,360,1391,1682
"sz",1,20141010,93342,10.14,6,8116,8,"S",10.14,10.13,10.12,10.11,10.1,10.15,10.16,10.17,10.18,10.19,1433,2496,2774,2260,8086,2254,1240,360,1391,1682
"sz",1,20141010,93345,10.14,6,52748,52,"S",10.14,10.13,10.12,10.11,10.1,10.15,10.16,10.17,10.18,10.19,1542,2496,2784,2279,8386,2264,1240,360,1391,1682
"sz",1,20141010,93348,10.15,9,68974,68,"B",10.14,10.13,10.12,10.11,10.1,10.15,10.16,10.17,10.18,10.19,1540,2496,2784,2279,8386,2263,1240,360,1321,1682
"sz",1,20141010,93351,10.14,2,2028,2,"S",10.14,10.13,10.12,10.11,10.1,10.15,10.16,10.17,10.18,10.19,1648,2496,2784,2284,8406,2269,1215,360,1321,1682
"sz",1,20141010,93354,10.14,8,269834,266,"S",10.14,10.13,10.12,10.11,10.1,10.15,10.16,10.17,10.18,10.19,1528,2496,2851,2284,8403,2231,1215,360,1321,1682
"sz",1,20141010,93357,10.14,3,3042,3,"S",10.14,10.13,10.12,10.11,10.1,10.15,10.16,10.17,10.18,10.19,1564,2496,2856,2304,8423,2413,1215,364,1321,1682
"sz",1,20141010,93400,10.14,9,148184,146,"S",10.14,10.13,10.12,10.11,10.1,10.15,10.16,10.17,10.18,10.19,2077,2506,2851,2331,8433,2273,1215,364,1194,1682
"sz",1,20141010,93403,10.14,10,344034,339,"S",10.14,10.13,10.12,10.11,10.1,10.15,10.16,10.17,10.18,10.19,2117,2506,2851,2343,8439,1995,1215,364,1194,1682
"sz",1,20141010,93406,10.15,14,147044,145,"B",10.14,10.13,10.12,10.11,10.1,10.15,10.16,10.17,10.18,10.19,1987,2506,2851,2343,8442,2073,1215,364,1194,1682
"sz",1,20141010,93409,10.14,11,53760,53,"S",10.14,10.13,10.12,10.11,10.1,10.15,10.16,10.17,10.18,10.19,2004,2526,5856,2358,8442,2073,1215,364,1194,1682
"sz",1,20141010,93412,10.14,56,1950942,1924,"S",10.14,10.13,10.12,10.11,10.1,10.15,10.16,10.17,10.18,10.19,106,2739,5885,2381,8442,2065,1216,364,1194,1682
"sz",1,20141010,93415,10.14,10,43602,43,"S",10.14,10.13,10.12,10.11,10.1,10.15,10.16,10.17,10.18,10.19,78,2799,5935,2386,8442,2074,1215,364,1194,1682
"sz",1,20141010,93418,10.15,4,33492,33,"B",10.14,10.13,10.12,10.11,10.1,10.15,10.16,10.17,10.18,10.19,76,2846,5935,2456,8441,2045,1215,364,1194,1682
"sz",1,20141010,93421,10.14,7,43606,43,"S",10.14,10.13,10.12,10.11,10.1,10.15,10.16,10.17,10.18,10.19,53,2880,5943,2456,8441,2040,1215,364,1194,1682
"sz",1,20141010,93424,10.14,8,135894,134,"S",10.14,10.13,10.12,10.11,10.1,10.15,10.16,10.17,10.18,10.19,253,3090,5963,2456,8441,1930,1215,364,1194,1682
"sz",1,20141010,93427,10.14,6,202992,200,"S",10.14,10.13,10.12,10.11,10.1,10.15,10.16,10.17,10.18,10.19,258,3100,5963,2456,8498,1751,1215,364,768,1682
"sz",1,20141010,93430,10.15,3,94394,93,"B",10.14,10.13,10.12,10.11,10.1,10.15,10.16,10.17,10.18,10.19,348,3110,5963,2489,8498,1697,1054,328,768,1682
"sz",1,20141010,93433,10.14,2,9126,9,"S",10.14,10.13,10.12,10.11,10.1,10.15,10.16,10.17,10.18,10.19,346,3360,6463,2489,8528,1697,1054,328,768,1682
"sz",1,20141010,93436,10.14,24,491840,485,"S",10.14,10.13,10.12,10.11,10.1,10.15,10.16,10.17,10.18,10.19,15,3360,6463,2489,8528,1648,1054,328,768,1682
"sz",1,20141010,93439,10.14,4,49766,49,"S",10.13,10.12,10.11,10.1,10.09,10.14,10.15,10.16,10.17,10.18,3360,6463,2506,8605,610,7,1678,1054,328,768
"sz",1,20141010,93442,10.14,8,153034,151,"B",10.14,10.13,10.12,10.11,10.1,10.15,10.16,10.17,10.18,10.19,191,3380,6463,2507,8595,1678,1054,328,768,1682
"sz",1,20141010,93445,10.14,17,315424,311,"S",10.13,10.12,10.11,10.1,10.09,10.14,10.15,10.16,10.17,10.18,3377,6463,2534,8595,610,543,1693,1054,328,768
"sz",1,20141010,93448,10.14,6,135866,134,"B",10.13,10.12,10.11,10.1,10.09,10.14,10.15,10.16,10.17,10.18,5985,6463,2539,8595,610,599,1693,1054,328,768
"sz",1,20141010,93451,10.14,6,37502,37,"B",10.13,10.12,10.11,10.1,10.09,10.14,10.15,10.16,10.17,10.18,5980,6463,2539,9100,610,749,1671,1054,328,768
"sz",1,20141010,93454,10.13,8,80104,79,"S",10.13,10.12,10.11,10.1,10.09,10.14,10.15,10.16,10.17,10.18,6028,6483,2539,9204,620,738,1661,1054,258,768
"sz",1,20141010,93457,10.14,22,197598,195,"B",10.13,10.12,10.11,10.1,10.09,10.14,10.15,10.16,10.17,10.18,5939,6483,2601,8810,620,696,1661,1054,258,768
"sz",1,20141010,93500,10.14,23,815864,805,"B",10.14,10.13,10.12,10.11,10.1,10.15,10.16,10.17,10.18,10.19,42,5954,6493,2634,8785,1651,1054,258,768,1692
"sz",1,20141010,93503,10.13,32,838424,827,"S",10.14,10.13,10.12,10.11,10.1,10.15,10.16,10.17,10.18,10.19,56,5546,6493,2654,8785,1351,1054,235,768,1692
"sz",1,20141010,93506,10.13,11,131754,130,"S",10.14,10.13,10.12,10.11,10.1,10.15,10.16,10.17,10.18,10.19,118,5491,6513,2849,8788,1351,1054,235,768,1692
"sz",1,20141010,93509,10.14,3,11762,11,"S",10.14,10.13,10.12,10.11,10.1,10.15,10.16,10.17,10.18,10.19,190,5516,6513,2859,8813,1351,1054,235,768,1692
"sz",1,20141010,93512,10.14,4,47658,47,"S",10.14,10.13,10.12,10.11,10.1,10.15,10.16,10.17,10.18,10.19,621,5538,6513,2926,8814,1351,1054,235,791,1692
"sz",1,20141010,93515,10.15,3,13184,13,"B",10.14,10.13,10.12,10.11,10.1,10.15,10.16,10.17,10.18,10.19,839,5545,6513,2933,8859,1348,1059,235,791,1692
"sz",1,20141010,93518,10.14,13,185582,183,"S",10.14,10.13,10.12,10.11,10.1,10.15,10.16,10.17,10.18,10.19,984,5637,6523,2945,8863,1329,1059,235,811,1692
"sz",1,20141010,93521,10.14,8,95356,94,"S",10.14,10.13,10.12,10.11,10.1,10.15,10.16,10.17,10.18,10.19,1523,5676,6538,2950,8932,1289,1059,235,811,1692
"sz",1,20141010,93524,10.15,3,4060,4,"B",10.14,10.13,10.12,10.11,10.1,10.15,10.16,10.17,10.18,10.19,1601,5687,6551,2964,8937,1355,1059,235,930,1692
"sz",1,20141010,93527,10.14,2,90256,89,"S",10.14,10.13,10.12,10.11,10.1,10.15,10.16,10.17,10.18,10.19,1609,5750,6551,2974,8937,1345,1059,235,930,1692
"sz",1,20141010,93530,10.15,2,6090,6,"B",10.14,10.13,10.12,10.11,10.1,10.15,10.16,10.17,10.18,10.19,1955,5948,6551,2974,8927,1339,1059,232,880,1692
"sz",1,20141010,93533,10.14,9,169376,167,"S",10.14,10.13,10.12,10.11,10.1,10.15,10.16,10.17,10.18,10.19,2104,5951,6561,2954,8947,1331,1059,232,880,1692
"sz",1,20141010,93536,10.15,1,1014,1,"B",10.14,10.13,10.12,10.11,10.1,10.15,10.16,10.17,10.18,10.19,2136,5993,6581,2959,8968,1330,1059,232,880,1692
"sz",1,20141010,93538,10.15,2,11166,11,"B",10.14,10.13,10.12,10.11,10.1,10.15,10.16,10.17,10.18,10.19,2176,6103,6581,3029,8985,1319,1059,232,880,1692
"sz",1,20141010,93542,10.15,8,230686,227,"B",10.14,10.13,10.12,10.11,10.1,10.15,10.16,10.17,10.18,10.19,2312,6108,6663,3024,8985,1103,1059,232,880,1692
"sz",1,20141010,93545,10.15,3,92366,91,"B",10.14,10.13,10.12,10.11,10.1,10.15,10.16,10.17,10.18,10.19,2475,9223,6693,3024,8985,1042,1061,232,993,1692
"sz",1,20141010,93548,10.15,2,208074,205,"B",10.14,10.13,10.12,10.11,10.1,10.15,10.16,10.17,10.18,10.19,2688,9243,6693,3066,8985,862,1061,232,993,1692
"sz",1,20141010,93551,10.15,11,221260,218,"B",10.14,10.13,10.12,10.11,10.1,10.15,10.16,10.17,10.18,10.19,2832,9276,6718,3066,9679,664,1061,242,993,1692
"sz",1,20141010,93554,10.15,10,259832,256,"B",10.14,10.13,10.12,10.11,10.1,10.15,10.16,10.17,10.18,10.19,3135,9256,6733,3074,9679,416,1061,288,993,1692
"sz",1,20141010,93557,10.14,41,1638738,1616,"S",10.14,10.13,10.12,10.11,10.1,10.15,10.16,10.17,10.18,10.19,1643,9324,6748,3153,9679,389,1061,288,993,1692
"sz",1,20141010,93600,10.14,28,490196,483,"S",10.14,10.13,10.12,10.11,10.1,10.15,10.16,10.17,10.18,10.19,1714,9329,6748,3153,9711,70,1061,288,993,1692
"sz",1,20141010,93603,10.16,7,454996,448,"B",10.14,10.13,10.12,10.11,10.1,10.16,10.17,10.18,10.19,10.2,1754,9334,6748,3278,9711,783,288,993,1692,1285
"sz",1,20141010,93606,10.15,4,36540,36,"S",10.15,10.14,10.13,10.12,10.11,10.16,10.17,10.18,10.19,10.2,91,1989,9353,6748,3278,783,288,993,1711,1285
"sz",1,20141010,93609,10.15,2,2032,2,"S",10.15,10.14,10.13,10.12,10.11,10.16,10.17,10.18,10.19,10.2,465,2020,9478,6749,3278,783,288,993,1692,1309
"sz",1,20141010,93612,10.16,3,13196,13,"B",10.15,10.14,10.13,10.12,10.11,10.16,10.17,10.18,10.19,10.2,560,2349,9493,6749,3232,782,261,993,1692,1309
"sz",1,20141010,93615,10.15,2,7104,7,"S",10.15,10.14,10.13,10.12,10.11,10.16,10.17,10.18,10.19,10.2,1223,2356,9497,6749,3163,782,261,993,1692,1309
"sz",1,20141010,93618,10.16,2,45720,45,"B",10.15,10.14,10.13,10.12,10.11,10.16,10.17,10.18,10.19,10.2,1239,2408,9497,6749,3163,737,261,993,1692,1309
"sz",1,20141010,93621,10.15,28,1285040,1267,"S",10.15,10.14,10.13,10.12,10.11,10.16,10.17,10.18,10.19,10.2,371,2425,9593,6758,3163,737,261,993,1692,1257
"sz",1,20141010,93624,10.15,3,40600,40,"S",10.15,10.14,10.13,10.12,10.11,10.16,10.17,10.18,10.19,10.2,455,2653,9593,6838,3203,737,261,993,1692,1257
"sz",1,20141010,93627,10.16,1,50800,50,"B",10.15,10.14,10.13,10.12,10.11,10.16,10.17,10.18,10.19,10.2,640,2765,9613,6838,3223,687,261,993,1692,1257
"sz",1,20141010,93630,10.15,8,526268,518,"S",10.15,10.14,10.13,10.12,10.11,10.16,10.17,10.18,10.19,10.2,694,3300,9854,6838,3223,188,261,993,1692,1257
"sz",1,20141010,93633,10.16,1,4064,4,"B",10.15,10.14,10.13,10.12,10.11,10.16,10.17,10.18,10.19,10.2,857,3340,9864,6838,3223,188,261,1023,1692,1257
"sz",1,20141010,93636,10.16,12,191680,188,"B",10.16,10.15,10.14,10.13,10.12,10.17,10.18,10.19,10.2,10.21,40,880,3352,9898,6838,261,1023,1692,1257,2204
"sz",1,20141010,93639,10.16,4,74168,73,"S",10.16,10.15,10.14,10.13,10.12,10.17,10.18,10.19,10.2,10.21,82,1090,3408,9903,6849,261,1030,1692,1257,2204
"sz",1,20141010,93642,10.15,11,120896,119,"S",10.15,10.14,10.13,10.12,10.11,10.16,10.17,10.18,10.19,10.2,1141,3469,9948,6909,3234,74,307,1030,1692,1257
"sz",1,20141010,93645,10.15,5,31484,31,"S",10.15,10.14,10.13,10.12,10.11,10.16,10.17,10.18,10.19,10.2,1155,3469,9913,6934,3234,124,326,1030,1692,1257
"sz",1,20141010,93648,10.16,1,1016,1,"B",10.15,10.14,10.13,10.12,10.11,10.16,10.17,10.18,10.19,10.2,1212,3509,9913,6954,3234,123,326,1171,1692,1354
"sz",1,20141010,93651,10.16,6,188900,186,"B",10.15,10.14,10.13,10.12,10.11,10.16,10.17,10.18,10.19,10.2,1448,3574,9913,6954,3239,11,326,1171,1692,1359
"sz",1,20141010,93654,10.15,2,40600,40,"S",10.15,10.14,10.13,10.12,10.11,10.16,10.17,10.18,10.19,10.2,1509,3550,9923,6965,3256,121,326,1171,1692,1359
"sz",1,20141010,93657,10.16,19,482284,475,"B",10.16,10.15,10.14,10.13,10.12,10.17,10.18,10.19,10.2,10.21,132,1318,3618,9953,6995,326,1171,1692,1359,2214
"sz",1,20141010,93700,10.15,6,207256,204,"S",10.15,10.14,10.13,10.12,10.11,10.16,10.17,10.18,10.19,10.2,1306,3692,9953,6995,3261,2,436,1208,1692,1359
"sz",1,20141010,93703,10.17,13,253228,249,"B",10.16,10.15,10.14,10.13,10.12,10.17,10.18,10.19,10.2,10.21,78,1424,3654,10122,6995,211,1218,1692,1359,2214
"sz",1,20141010,93706,10.16,4,75184,74,"S",10.16,10.15,10.14,10.13,10.12,10.17,10.18,10.19,10.2,10.21,6,1429,3760,10210,6995,211,1218,1692,1359,2214
"sz",1,20141010,93709,10.16,3,75184,74,"S",10.16,10.15,10.14,10.13,10.12,10.17,10.18,10.19,10.2,10.21,64,1491,3850,10210,7006,211,1218,1692,1366,2214
"sz",1,20141010,93712,10.17,7,132100,130,"B",10.16,10.15,10.14,10.13,10.12,10.17,10.18,10.19,10.2,10.21,40,1520,3845,10210,7006,210,1218,1692,1366,2214
"sz",1,20141010,93715,10.16,8,71120,70,"S",10.16,10.15,10.14,10.13,10.12,10.17,10.18,10.19,10.2,10.21,30,1720,3861,10210,7006,209,1218,1692,1366,2214
"sz",1,20141010,93718,10.15,20,465136,458,"S",10.15,10.14,10.13,10.12,10.11,10.17,10.18,10.19,10.2,10.21,1544,3861,10197,7004,3261,216,1218,1692,1366,2214
"sz",1,20141010,93721,10.15,3,4060,4,"S",10.15,10.14,10.13,10.12,10.11,10.16,10.17,10.18,10.19,10.2,1734,3861,10197,6984,3259,130,216,1218,1692,1366
"sz",1,20141010,93724,10.15,21,527848,520,"S",10.15,10.14,10.13,10.12,10.11,10.16,10.17,10.18,10.19,10.2,1299,3879,10193,6984,3291,351,422,1218,1692,1366
"sz",1,20141010,93727,10.16,5,57912,57,"B",10.15,10.14,10.13,10.12,10.11,10.16,10.17,10.18,10.19,10.2,1298,3939,10193,6984,3291,296,442,1218,1692,1382
"sz",1,20141010,93730,10.16,16,216356,213,"B",10.15,10.14,10.13,10.12,10.11,10.16,10.17,10.18,10.19,10.2,1274,4074,10193,6984,3193,1540,571,1218,1692,1382
"sz",1,20141010,93733,10.16,4,133000,131,"B",10.15,10.14,10.13,10.12,10.11,10.16,10.17,10.18,10.19,10.2,1188,4081,10208,6974,3193,1503,621,1218,1712,1382
"sz",1,20141010,93736,10.16,3,563880,555,"B",10.15,10.14,10.13,10.12,10.11,10.16,10.17,10.18,10.19,10.2,1207,4124,10208,6974,3193,908,631,1218,1712,1382
"sz",1,20141010,93739,10.16,15,451736,445,"B",10.15,10.14,10.13,10.12,10.11,10.16,10.17,10.18,10.19,10.2,862,4153,10208,6974,3211,858,971,1218,1712,1382
"sz",1,20141010,93742,10.16,2,12180,12,"B",10.15,10.14,10.13,10.12,10.11,10.16,10.17,10.18,10.19,10.2,956,4160,10218,6977,3211,950,971,1218,1712,1382
"sz",1,20141010,93745,10.16,9,195948,193,"B",10.15,10.14,10.13,10.12,10.11,10.16,10.17,10.18,10.19,10.2,940,4162,10230,6927,3211,899,971,1218,1712,1382
"sz",1,20141010,93748,10.16,2,6096,6,"B",10.15,10.14,10.13,10.12,10.11,10.16,10.17,10.18,10.19,10.2,979,4192,10224,6927,3211,893,971,1208,1712,1382
"sz",1,20141010,93751,10.15,39,757188,746,"S",10.15,10.14,10.13,10.12,10.11,10.16,10.17,10.18,10.19,10.2,363,4303,10224,6927,3211,893,976,1208,1712,1382
"sz",1,20141010,93754,10.16,3,16256,16,"B",10.15,10.14,10.13,10.12,10.11,10.16,10.17,10.18,10.19,10.2,522,4423,10217,6927,3211,877,1106,1208,1712,1412
"sz",1,20141010,93757,10.15,7,196072,193,"S",10.15,10.14,10.13,10.12,10.11,10.16,10.17,10.18,10.19,10.2,503,4426,10217,6927,3234,693,1087,1208,1712,1412
"sz",1,20141010,93800,10.16,18,369540,364,"B",10.15,10.14,10.13,10.12,10.11,10.16,10.17,10.18,10.19,10.2,287,4456,10217,6927,3238,613,1139,1208,1712,1393
"sz",1,20141010,93803,10.15,7,74948,74,"S",10.15,10.14,10.13,10.12,10.11,10.16,10.17,10.18,10.19,10.2,533,4476,10217,6927,3238,573,1159,1211,1712,1403
"sz",1,20141010,93806,10.16,3,361696,356,"B",10.15,10.14,10.13,10.12,10.11,10.16,10.17,10.18,10.19,10.2,563,4907,10301,6937,3243,222,1159,1229,1712,1408
"sz",1,20141010,93809,10.15,12,222292,219,"S",10.15,10.14,10.13,10.12,10.11,10.16,10.17,10.18,10.19,10.2,478,4937,10301,6987,3243,124,1245,1229,1712,1408
"sz",1,20141010,93812,10.15,10,312620,308,"S",10.15,10.14,10.13,10.12,10.11,10.16,10.17,10.18,10.19,10.2,291,4937,10308,7037,3248,152,1243,1229,1712,1408
"sz",1,20141010,93815,10.16,9,185320,182,"B",10.16,10.15,10.14,10.13,10.12,10.17,10.18,10.19,10.2,10.21,84,321,4937,10328,7037,1243,1229,1712,1408,2234
"sz",1,20141010,93821,10.16,2,33528,33,"S",10.16,10.15,10.14,10.13,10.12,10.17,10.18,10.19,10.2,10.21,51,403,4954,10323,7127,1246,1229,1712,1408,2234
"sz",1,20141010,93824,10.16,1,16256,16,"S",10.16,10.15,10.14,10.13,10.12,10.17,10.18,10.19,10.2,10.21,90,490,4994,10323,7137,1127,1229,1712,1408,2234
"sz",1,20141010,93827,10.15,22,235592,232,"S",10.15,10.14,10.13,10.12,10.11,10.17,10.18,10.19,10.2,10.21,440,5036,10323,7146,3570,1126,1229,1712,1408,2234
"sz",1,20141010,93830,10.16,4,17272,17,"B",10.15,10.14,10.13,10.12,10.11,10.16,10.17,10.18,10.19,10.2,606,5041,10423,7146,3570,36,1126,1229,1712,1408
"sz",1,20141010,93833,10.16,1,10160,10,"B",10.15,10.14,10.13,10.12,10.11,10.16,10.17,10.18,10.19,10.2,643,5051,10423,7146,3580,167,1136,1229,1712,1420
"sz",1,20141010,93836,10.15,7,215368,212,"S",10.15,10.14,10.13,10.12,10.11,10.16,10.17,10.18,10.19,10.2,653,5051,10431,7146,3591,76,1136,1229,1712,1420
"sz",1,20141010,93839,10.16,2,2032,2,"B",10.15,10.14,10.13,10.12,10.11,10.16,10.17,10.18,10.19,10.2,793,5068,10486,7146,3591,1834,1139,1244,1712,1420
"sz",1,20141010,93842,10.15,25,369464,364,"S",10.15,10.14,10.13,10.12,10.11,10.16,10.17,10.18,10.19,10.2,442,7105,10486,7133,3591,1905,1139,1244,1712,1420
"sz",1,20141010,93845,10.16,27,411796,406,"B",10.15,10.14,10.13,10.12,10.11,10.16,10.17,10.18,10.19,10.2,81,7139,10306,7133,3591,1924,1164,1266,1712,1420
"sz",1,20141010,93848,10.16,2,13208,13,"B",10.15,10.14,10.13,10.12,10.11,10.16,10.17,10.18,10.19,10.2,87,7239,10306,7143,3596,1911,1164,830,1712,1420
"sz",1,20141010,93851,10.15,4,117836,116,"S",10.15,10.14,10.13,10.12,10.11,10.16,10.17,10.18,10.19,10.2,215,7294,10312,7148,3596,1913,1164,830,1712,1410
"sz",1,20141010,93900,10.15,1,10152,10,"S",10.15,10.14,10.13,10.12,10.11,10.16,10.17,10.18,10.19,10.2,321,7487,10342,7358,3614,2133,1167,830,1712,1439
"sz",1,20141010,93903,10.16,3,41656,41,"B",10.15,10.14,10.13,10.12,10.11,10.16,10.17,10.18,10.19,10.2,429,7487,10313,7358,3641,2093,1167,830,1712,1439
"sz",1,20141010,93906,10.16,2,3048,3,"B",10.15,10.14,10.13,10.12,10.11,10.16,10.17,10.18,10.19,10.2,472,7502,10313,7358,3641,2527,1167,830,1712,1439
"sz",1,20141010,93909,10.16,13,157500,155,"B",10.15,10.14,10.13,10.12,10.11,10.16,10.17,10.18,10.19,10.2,357,7498,10305,7358,3641,2492,1167,828,1712,1439
"sz",1,20141010,93912,10.15,9,119776,118,"S",10.15,10.14,10.13,10.12,10.11,10.16,10.17,10.18,10.19,10.2,274,7528,10305,7358,3641,2486,1167,828,1712,1449
"sz",1,20141010,93914,10.15,2,1016,1,"S",10.15,10.14,10.13,10.12,10.11,10.16,10.17,10.18,10.19,10.2,189,7540,10295,7371,3841,2486,1167,805,1712,1449
"sz",1,20141010,93918,10.15,14,145144,143,"S",10.15,10.14,10.13,10.12,10.11,10.16,10.17,10.18,10.19,10.2,75,7668,10298,7371,3845,2496,1167,815,1712,1449
"sz",1,20141010,93921,10.14,33,527756,520,"S",10.14,10.13,10.12,10.11,10.1,10.15,10.16,10.17,10.18,10.19,7509,10343,7371,3855,12102,194,2512,1167,815,1712
"sz",1,20141010,93924,10.15,5,65976,65,"B",10.14,10.13,10.12,10.11,10.1,10.15,10.16,10.17,10.18,10.19,7523,10363,7401,3861,12102,351,2520,1167,815,1712
"sz",1,20141010,93927,10.14,16,212964,210,"S",10.14,10.13,10.12,10.11,10.1,10.15,10.16,10.17,10.18,10.19,7316,10363,7402,3861,12108,372,2520,1167,815,1712
"sz",1,20141010,93930,10.14,18,480764,474,"S",10.14,10.13,10.12,10.11,10.1,10.15,10.16,10.17,10.18,10.19,6967,10363,7350,3861,12088,503,2220,1167,815,1712
"sz",1,20141010,93933,10.15,3,78156,77,"B",10.14,10.13,10.12,10.11,10.1,10.15,10.16,10.17,10.18,10.19,6985,10393,7350,3861,12091,457,2220,1167,815,1712
"sz",1,20141010,93936,10.15,19,604164,596,"B",10.14,10.13,10.12,10.11,10.1,10.15,10.16,10.17,10.18,10.19,6485,10393,7350,3861,12091,474,2380,961,815,1712
"sz",1,20141010,93939,10.15,7,155276,153,"B",10.14,10.13,10.12,10.11,10.1,10.15,10.16,10.17,10.18,10.19,6472,10425,7350,3866,12091,342,2380,961,815,1712
"sz",1,20141010,93942,10.14,16,467368,461,"S",10.14,10.13,10.12,10.11,10.1,10.15,10.16,10.17,10.18,10.19,6054,10425,7350,3876,12101,416,2380,951,815,1712
"sz",1,20141010,93945,10.14,6,10148,10,"S",10.14,10.13,10.12,10.11,10.1,10.15,10.16,10.17,10.18,10.19,6085,10430,7350,3885,12102,418,2380,951,815,1712
"sz",1,20141010,93948,10.14,16,203968,201,"S",10.14,10.13,10.12,10.11,10.1,10.15,10.16,10.17,10.18,10.19,6037,10408,7350,3905,12252,259,2380,951,815,1712
"sz",1,20141010,93951,10.15,4,13188,13,"B",10.14,10.13,10.12,10.11,10.1,10.15,10.16,10.17,10.18,10.19,6407,10547,7350,4155,12252,277,2380,951,815,1712
"sz",1,20141010,93954,10.14,65,1808368,1784,"S",10.14,10.13,10.12,10.11,10.1,10.15,10.16,10.17,10.18,10.19,4693,10547,7283,4155,12267,312,2380,951,815,1712
"sz",1,20141010,93957,10.15,7,94312,93,"B",10.14,10.13,10.12,10.11,10.1,10.15,10.16,10.17,10.18,10.19,4580,10547,7283,4155,12282,302,2381,951,815,1712
"sz",1,20141010,94000,10.14,9,76824,75,"S",10.14,10.13,10.12,10.11,10.1,10.15,10.16,10.17,10.18,10.19,4597,10587,7283,4155,12292,788,2381,951,815,1712
"sz",1,20141010,94003,10.15,7,117736,116,"B",10.14,10.13,10.12,10.11,10.1,10.15,10.16,10.17,10.18,10.19,4608,10595,7283,4155,12294,674,2381,951,815,1712
"sz",1,20141010,94006,10.14,6,85176,84,"S",10.14,10.13,10.12,10.11,10.1,10.15,10.16,10.17,10.18,10.19,4559,10615,7283,4165,12397,674,2381,951,815,1712
"sz",1,20141010,94009,10.14,35,877516,866,"S",10.14,10.13,10.12,10.11,10.1,10.15,10.16,10.17,10.18,10.19,3827,10616,7283,4195,12407,603,2381,951,815,1712
"sz",1,20141010,94012,10.15,25,571264,563,"B",10.14,10.13,10.12,10.11,10.1,10.15,10.16,10.17,10.18,10.19,3379,10654,7283,4195,12414,632,2374,932,815,1712
"sz",1,20141010,94015,10.14,7,573920,566,"S",10.14,10.13,10.12,10.11,10.1,10.15,10.16,10.17,10.18,10.19,3160,10654,7283,4243,12424,756,2343,929,815,1712
"sz",1,20141010,94018,10.14,6,817296,806,"S",10.14,10.13,10.12,10.11,10.1,10.15,10.16,10.17,10.18,10.19,2394,10664,7283,4310,12442,762,2343,929,815,1712
"sz",1,20141010,94021,10.15,8,180424,178,"B",10.14,10.13,10.12,10.11,10.1,10.15,10.16,10.17,10.18,10.19,2168,10769,7283,4321,12472,876,2343,929,815,1712
"sz",1,20141010,94024,10.15,11,138948,137,"B",10.14,10.13,10.12,10.11,10.1,10.15,10.16,10.17,10.18,10.19,2022,10769,7283,4341,12472,845,2343,929,815,1712
"sz",1,20141010,94030,10.15,3,9124,9,"B",10.14,10.13,10.12,10.11,10.1,10.15,10.16,10.17,10.18,10.19,2966,10809,7283,4374,12472,390,2349,929,818,1712
"sz",1,20141010,94033,10.15,3,56820,56,"B",10.14,10.13,10.12,10.11,10.1,10.15,10.16,10.17,10.18,10.19,3000,11424,7283,4404,12472,357,2349,929,818,1712
"sz",1,20141010,94036,10.15,12,360008,355,"B",10.14,10.13,10.12,10.11,10.1,10.15,10.16,10.17,10.18,10.19,2715,11432,7283,4404,12479,584,2349,1015,818,1712
"sz",1,20141010,94039,10.15,1,2028,2,"B",10.14,10.13,10.12,10.11,10.1,10.15,10.16,10.17,10.18,10.19,2786,11444,7283,4414,12481,609,2349,912,818,1712
"sz",1,20141010,94042,10.14,5,17252,17,"S",10.14,10.13,10.12,10.11,10.1,10.15,10.16,10.17,10.18,10.19,2792,11444,7283,4414,12580,622,2349,826,818,1712
"sz",1,20141010,94045,10.14,7,64896,64,"S",10.14,10.13,10.12,10.11,10.1,10.15,10.16,10.17,10.18,10.19,2753,11446,7294,4484,12580,681,2349,826,818,1712
"sz",1,20141010,94048,10.14,13,220044,217,"S",10.14,10.13,10.12,10.11,10.1,10.15,10.16,10.17,10.18,10.19,2600,11546,7294,4484,12603,681,2349,826,818,1712
"sz",1,20141010,94051,10.15,3,20300,20,"B",10.14,10.13,10.12,10.11,10.1,10.15,10.16,10.17,10.18,10.19,2632,11546,7284,4484,12643,711,2349,856,818,1712
"sz",1,20141010,94054,10.14,33,709812,700,"S",10.14,10.13,10.12,10.11,10.1,10.15,10.16,10.17,10.18,10.19,2067,11589,7284,4691,12643,768,2349,1856,818,1712
"sz",1,20141010,94057,10.15,18,315364,311,"B",10.14,10.13,10.12,10.11,10.1,10.15,10.16,10.17,10.18,10.19,1826,11589,7379,4691,12653,780,2352,1856,818,1712
"sz",1,20141010,94100,10.15,3,29436,29,"B",10.14,10.13,10.12,10.11,10.1,10.15,10.16,10.17,10.18,10.19,1906,11584,7379,5181,12643,801,2352,1876,818,1712
"sz",1,20141010,94103,10.14,2,28392,28,"S",10.14,10.13,10.12,10.11,10.1,10.15,10.16,10.17,10.18,10.19,1988,11621,7379,5280,12643,830,2352,1876,828,1712
"sz",1,20141010,94106,10.15,11,112616,111,"B",10.14,10.13,10.12,10.11,10.1,10.15,10.16,10.17,10.18,10.19,2380,11611,7379,5330,12704,781,2352,1876,828,1712
"sz",1,20141010,94109,10.14,18,1034300,1020,"S",10.14,10.13,10.12,10.11,10.1,10.15,10.16,10.17,10.18,10.19,1385,11617,7374,5380,12714,761,2352,1876,828,1712
"sz",1,20141010,94112,10.14,4,44640,44,"S",10.14,10.13,10.12,10.11,10.1,10.15,10.16,10.17,10.18,10.19,1391,11617,7374,5385,12774,737,2352,1876,828,1712
"sz",1,20141010,94115,10.14,6,107588,106,"S",10.14,10.13,10.12,10.11,10.1,10.15,10.16,10.17,10.18,10.19,1570,11617,7374,5385,12784,643,2344,1876,828,1712
"sz",1,20141010,94118,10.14,6,225128,222,"S",10.14,10.13,10.12,10.11,10.1,10.15,10.16,10.17,10.18,10.19,1274,11622,7374,5397,12785,709,2344,1876,851,1712
"sz",1,20141010,94121,10.15,4,177624,175,"B",10.14,10.13,10.12,10.11,10.1,10.15,10.16,10.17,10.18,10.19,1356,11606,7374,5406,12783,534,2344,1876,851,1712
"sz",1,20141010,94124,10.14,23,377456,372,"S",10.14,10.13,10.12,10.11,10.1,10.15,10.16,10.17,10.18,10.19,1355,11607,7374,5426,12783,291,2344,1876,851,1712
"sz",1,20141010,94127,10.14,14,226224,223,"S",10.14,10.13,10.12,10.11,10.1,10.15,10.16,10.17,10.18,10.19,1289,11607,7364,5426,12793,173,2244,1876,871,1712
"sz",1,20141010,94130,10.14,50,1320228,1302,"S",10.14,10.13,10.12,10.11,10.1,10.15,10.16,10.17,10.18,10.19,136,11607,7364,5426,12793,172,2267,1876,871,1712
"sz",1,20141010,94133,10.15,3,10148,10,"B",10.14,10.13,10.12,10.11,10.1,10.15,10.16,10.17,10.18,10.19,273,11688,7864,5424,12641,200,2267,1876,871,1712
"sz",1,20141010,94139,10.14,10,94396,93,"S",10.14,10.13,10.12,10.11,10.1,10.15,10.16,10.17,10.18,10.19,378,11679,7844,5441,12674,146,2267,1876,871,1712
"sz",1,20141010,94142,10.15,1,4060,4,"B",10.14,10.13,10.12,10.11,10.1,10.15,10.16,10.17,10.18,10.19,547,11679,7844,5504,12679,161,2267,1876,871,1712
"sz",1,20141010,94145,10.14,24,496860,490,"S",10.14,10.13,10.12,10.11,10.1,10.15,10.16,10.17,10.18,10.19,467,11679,7844,5494,12679,161,2267,1876,839,1712
"sz",1,20141010,94148,10.15,1,50748,50,"B",10.14,10.13,10.12,10.11,10.1,10.15,10.16,10.17,10.18,10.19,893,11684,7844,5514,13193,111,2267,1876,839,1712
"sz",1,20141010,94151,10.13,73,3442532,3397,"S",10.14,10.13,10.12,10.11,10.1,10.15,10.16,10.17,10.18,10.19,47,9290,7841,5549,13193,81,2317,1876,839,1712
"sz",1,20141010,94154,10.14,2,13192,13,"S",10.14,10.13,10.12,10.11,10.1,10.15,10.16,10.17,10.18,10.19,685,9290,7841,6162,13193,208,2317,1876,839,1712
"sz",1,20141010,94157,10.15,1,2028,2,"B",10.14,10.13,10.12,10.11,10.1,10.15,10.16,10.17,10.18,10.19,727,9290,7841,6216,13199,273,2317,1886,839,1712
"sz",1,20141010,94200,10.15,5,44660,44,"B",10.14,10.13,10.12,10.11,10.1,10.15,10.16,10.17,10.18,10.19,814,9298,7841,6218,13202,455,2318,1886,839,1712
"sz",1,20141010,94203,10.15,10,118676,117,"B",10.14,10.13,10.12,10.11,10.1,10.15,10.16,10.17,10.18,10.19,1059,9390,7851,6221,13210,420,2330,1886,839,1712
"sz",1,20141010,94206,10.15,2,67784,67,"B",10.14,10.13,10.12,10.11,10.1,10.15,10.16,10.17,10.18,10.19,1183,9360,7842,6240,13278,510,2330,1877,839,1712
"sz",1,20141010,94208,10.14,17,1016028,1002,"S",10.14,10.13,10.12,10.11,10.1,10.15,10.16,10.17,10.18,10.19,188,9395,7842,6246,13278,528,2330,1877,839,1712
"sz",1,20141010,94211,10.14,5,71996,71,"S",10.14,10.13,10.12,10.11,10.1,10.15,10.16,10.17,10.18,10.19,137,9400,7842,6246,13278,607,2330,1877,960,1712
"sz",1,20141010,94215,10.14,3,66924,66,"S",10.14,10.13,10.12,10.11,10.1,10.15,10.16,10.17,10.18,10.19,398,9500,7844,6248,13388,669,2329,1877,960,1712
"sz",1,20141010,94218,10.14,8,42484,42,"S",10.14,10.13,10.12,10.11,10.1,10.15,10.16,10.17,10.18,10.19,585,9510,7844,6281,13388,670,2329,1877,960,1712
"sz",1,20141010,94221,10.15,18,3060476,3021,"B",10.13,10.12,10.11,10.1,10.09,10.14,10.15,10.16,10.17,10.18,7096,7854,6469,13388,1227,5,723,2329,1877,960
"sz",1,20141010,94224,10.14,9,688508,679,"B",10.13,10.12,10.11,10.1,10.09,10.14,10.15,10.16,10.17,10.18,7091,7854,6469,13388,1227,394,733,2329,1877,975
"sz",1,20141010,94227,10.14,5,143984,142,"B",10.13,10.12,10.11,10.1,10.09,10.14,10.15,10.16,10.17,10.18,7139,7854,6494,13403,1229,254,733,2329,1877,975
"sz",1,20141010,94230,10.14,5,62864,62,"B",10.13,10.12,10.11,10.1,10.09,10.14,10.15,10.16,10.17,10.18,7044,7854,6504,13435,1229,199,733,2329,1877,975
"sz",1,20141010,94233,10.14,4,80104,79,"B",10.13,10.12,10.11,10.1,10.09,10.14,10.15,10.16,10.17,10.18,7069,7854,6559,13465,1229,120,918,2329,1899,975
"sz",1,20141010,94236,10.14,9,150072,148,"B",10.13,10.12,10.11,10.1,10.09,10.14,10.15,10.16,10.17,10.18,7122,7864,6577,13517,1229,231,909,2329,1899,975
"sz",1,20141010,94238,10.14,3,156152,154,"B",10.13,10.12,10.11,10.1,10.09,10.14,10.15,10.16,10.17,10.18,7154,7864,6679,13535,1229,77,896,2329,1899,975
"sz",1,20141010,94242,10.14,2,110496,109,"B",10.14,10.13,10.12,10.11,10.1,10.15,10.16,10.17,10.18,10.19,1057,7129,7870,6961,13535,993,2329,1899,975,1712
"sz",1,20141010,94245,10.14,3,4056,4,"S",10.14,10.13,10.12,10.11,10.1,10.15,10.16,10.17,10.18,10.19,1129,7124,7870,6986,13535,993,2329,1899,975,1712
"sz",1,20141010,94248,10.15,1,2032,2,"B",10.14,10.13,10.12,10.11,10.1,10.15,10.16,10.17,10.18,10.19,1283,7122,7870,7005,13535,1010,2329,1899,975,1712
"sz",1,20141010,94251,10.14,1,15224,15,"S",10.14,10.13,10.12,10.11,10.1,10.15,10.16,10.17,10.18,10.19,1328,7622,7928,7025,13535,1010,2329,1899,975,1712
"sz",1,20141010,94254,10.14,1,1016,1,"S",10.14,10.13,10.12,10.11,10.1,10.15,10.16,10.17,10.18,10.19,1859,7852,7943,7260,13564,1010,2329,1899,975,1712
"sz",1,20141010,94257,10.15,3,8120,8,"B",10.14,10.13,10.12,10.11,10.1,10.15,10.16,10.17,10.18,10.19,1908,7890,7943,7659,13574,990,2329,1899,975,1711
"sz",1,20141010,94300,10.14,7,84160,83,"S",10.14,10.13,10.12,10.11,10.1,10.15,10.16,10.17,10.18,10.19,1935,7937,7943,7659,13584,996,2329,1899,975,1711
"sz",1,20141010,94303,10.15,5,61872,61,"B",10.14,10.13,10.12,10.11,10.1,10.15,10.16,10.17,10.18,10.19,1943,7937,7943,7671,13589,1172,2329,1899,975,1711
"sz",1,20141010,94306,10.14,3,42608,42,"S",10.14,10.13,10.12,10.11,10.1,10.15,10.16,10.17,10.18,10.19,1984,7909,7943,7681,13589,1123,2329,1929,1242,1711
"sz",1,20141010,94309,10.15,2,21312,21,"B",10.14,10.13,10.12,10.11,10.1,10.15,10.16,10.17,10.18,10.19,2559,7915,8053,7681,13589,1102,2329,1929,1242,1711
"sz",1,20141010,94312,10.15,2,24344,24,"B",10.14,10.13,10.12,10.11,10.1,10.15,10.16,10.17,10.18,10.19,2625,7924,8053,7693,13629,1096,2329,1949,1259,1711
"sz",1,20141010,94315,10.15,5,310312,306,"B",10.14,10.13,10.12,10.11,10.1,10.15,10.16,10.17,10.18,10.19,2529,7979,8053,7693,13647,1068,2329,1949,1259,1711
"sz",1,20141010,94318,10.15,4,34496,34,"B",10.14,10.13,10.12,10.11,10.1,10.15,10.16,10.17,10.18,10.19,2472,8102,8055,7702,13647,1047,2279,1949,1259,1711
"sz",1,20141010,94321,10.15,4,24336,24,"B",10.14,10.13,10.12,10.11,10.1,10.15,10.16,10.17,10.18,10.19,2458,8102,8055,7724,13652,1050,2279,1949,1259,1097
"sz",1,20141010,94327,10.14,3,98360,97,"S",10.14,10.13,10.12,10.11,10.1,10.15,10.16,10.17,10.18,10.19,2605,8107,8065,7779,13656,1284,2279,1949,1236,1097
"sz",1,20141010,94330,10.14,3,45688,45,"S",10.14,10.13,10.12,10.11,10.1,10.15,10.16,10.17,10.18,10.19,2670,8237,8065,7779,13676,1276,2279,1949,1236,1097
"sz",1,20141010,94333,10.15,4,6088,6,"B",10.14,10.13,10.12,10.11,10.1,10.15,10.16,10.17,10.18,10.19,2699,8249,8065,7818,13676,1334,2279,1949,1236,1097
"sz",1,20141010,94336,10.15,5,117736,116,"B",10.14,10.13,10.12,10.11,10.1,10.15,10.16,10.17,10.18,10.19,2705,8275,8065,7878,13657,1229,2299,1949,1236,1097
"sz",1,20141010,94339,10.14,5,32480,32,"S",10.14,10.13,10.12,10.11,10.1,10.15,10.16,10.17,10.18,10.19,2744,8275,8070,7878,13663,1218,2299,1949,1236,1097
"sz",1,20141010,94342,10.15,1,10152,10,"B",10.14,10.13,10.12,10.11,10.1,10.15,10.16,10.17,10.18,10.19,2818,8275,8126,7878,13671,1295,2299,1949,1236,1097
"sz",1,20141010,94345,10.15,1,1016,1,"B",10.14,10.13,10.12,10.11,10.1,10.15,10.16,10.17,10.18,10.19,2837,8275,8126,7878,13672,1334,2299,1949,1199,1097
"sz",1,20141010,94348,10.15,9,256792,253,"B",10.14,10.13,10.12,10.11,10.1,10.15,10.16,10.17,10.18,10.19,2887,8240,8126,7892,13662,1144,2299,1939,1199,1097
"sz",1,20141010,94351,10.14,7,279072,275,"S",10.14,10.13,10.12,10.11,10.1,10.15,10.16,10.17,10.18,10.19,3794,8240,8126,7895,13662,1090,2299,1939,1199,1097
"sz",1,20141010,94354,10.15,13,273992,270,"B",10.14,10.13,10.12,10.11,10.1,10.15,10.16,10.17,10.18,10.19,4113,8348,8136,7895,13672,873,2299,1939,1199,1097
"sz",1,20141010,94357,10.14,3,84776,83,"S",10.14,10.13,10.12,10.11,10.1,10.15,10.16,10.17,10.18,10.19,4079,8378,8138,7872,13672,910,2299,1939,1193,1097
"sz",1,20141010,94359,10.15,11,246424,243,"B",10.14,10.13,10.12,10.11,10.1,10.15,10.16,10.17,10.18,10.19,3872,8397,8151,7875,13672,1185,2299,1939,1193,1097
"sz",1,20141010,94403,10.15,8,99392,98,"B",10.14,10.13,10.12,10.11,10.1,10.15,10.16,10.17,10.18,10.19,3944,8397,8157,7893,13611,1163,2299,1914,1193,1097
"sz",1,20141010,94406,10.14,17,538960,531,"S",10.14,10.13,10.12,10.11,10.1,10.15,10.16,10.17,10.18,10.19,3944,8397,8157,8193,13631,653,2299,1914,1193,1097
"sz",1,20141010,94409,10.15,13,116256,115,"B",10.14,10.13,10.12,10.11,10.1,10.15,10.16,10.17,10.18,10.19,3939,8392,8157,8203,13633,613,2299,1914,2582,1097
"sz",1,20141010,94412,10.15,2,10144,10,"B",10.14,10.13,10.12,10.11,10.1,10.15,10.16,10.17,10.18,10.19,3967,8407,8161,8255,13643,693,2299,1914,2582,1097
"sz",1,20141010,94415,10.15,9,335664,331,"B",10.14,10.13,10.12,10.11,10.1,10.15,10.16,10.17,10.18,10.19,3658,8397,8161,8255,13648,670,2299,1914,2582,1097
"sz",1,20141010,94418,10.14,2,52728,52,"S",10.14,10.13,10.12,10.11,10.1,10.15,10.16,10.17,10.18,10.19,3690,8402,8161,8295,13648,668,2299,1914,2582,1097
"sz",1,20141010,94421,10.14,7,101424,100,"S",10.14,10.13,10.12,10.11,10.1,10.15,10.16,10.17,10.18,10.19,3763,8432,8161,8295,13674,676,2299,1914,2582,1097
"sz",1,20141010,94424,10.14,8,270736,267,"S",10.14,10.13,10.12,10.11,10.1,10.15,10.16,10.17,10.18,10.19,3741,8432,8165,8301,13674,478,2296,1914,2582,1097
"sz",1,20141010,94427,10.14,4,22312,22,"S",10.14,10.13,10.12,10.11,10.1,10.15,10.16,10.17,10.18,10.19,3727,8432,8176,8305,13684,476,2296,1914,2617,1097
"sz",1,20141010,94430,10.15,6,105528,104,"B",10.14,10.13,10.12,10.11,10.1,10.15,10.16,10.17,10.18,10.19,3845,8396,8176,8305,13684,426,2096,1914,2617,1109
"sz",1,20141010,94432,10.14,11,340720,336,"S",10.14,10.13,10.12,10.11,10.1,10.15,10.16,10.17,10.18,10.19,3523,8396,8176,8305,13684,412,2096,1914,2617,1109
"sz",1,20141010,94436,10.14,7,187704,185,"S",10.14,10.13,10.12,10.11,10.1,10.15,10.16,10.17,10.18,10.19,3467,8382,8184,8318,13684,297,2096,1914,2617,1109
"sz",1,20141010,94439,10.14,4,22312,22,"S",10.14,10.13,10.12,10.11,10.1,10.15,10.16,10.17,10.18,10.19,3570,8417,8224,8323,13708,1219,2096,1914,2617,1109
"sz",1,20141010,94442,10.14,3,29032,28,"S",10.14,10.13,10.12,10.11,10.1,10.15,10.16,10.17,10.18,10.19,3552,8417,8234,8318,13708,1239,2096,1914,2617,1109
"sz",1,20141010,94445,10.14,6,94328,93,"S",10.14,10.13,10.12,10.11,10.1,10.15,10.16,10.17,10.18,10.19,3846,8437,8230,8328,13708,1309,2096,1914,2617,1109
"sz",1,20141010,94448,10.15,3,3048,3,"B",10.14,10.13,10.12,10.11,10.1,10.15,10.16,10.17,10.18,10.19,3831,8437,8330,8333,13708,1307,2096,1914,2617,1109
"sz",1,20141010,94451,10.15,4,34512,34,"B",10.14,10.13,10.12,10.11,10.1,10.15,10.16,10.17,10.18,10.19,3790,8420,8352,8363,13713,1318,2096,1914,2617,1109
"sz",1,20141010,94454,10.15,15,1352512,1333,"B",10.15,10.14,10.13,10.12,10.11,10.16,10.17,10.18,10.19,10.2,2985,3803,8420,8352,8363,2096,1919,2617,1109,1592
"sz",1,20141010,94457,10.15,2,121792,120,"S",10.15,10.14,10.13,10.12,10.11,10.16,10.17,10.18,10.19,10.2,2875,3978,8424,8352,8363,2096,1919,2617,1109,1592
"sz",1,20141010,94500,10.15,2,81200,80,"S",10.15,10.14,10.13,10.12,10.11,10.16,10.17,10.18,10.19,10.2,2800,5008,8452,8352,8558,2096,1919,2617,1109,1592
"sz",1,20141010,94503,10.15,1,15248,15,"S",10.15,10.14,10.13,10.12,10.11,10.16,10.17,10.18,10.19,10.2,2789,5016,8652,8352,8556,2096,1819,2617,1109,1592
"sz",1,20141010,94506,10.15,2,29440,29,"S",10.15,10.14,10.13,10.12,10.11,10.16,10.17,10.18,10.19,10.2,2760,5023,8662,8352,8606,2096,1819,2617,1109,1592
"sz",1,20141010,94509,10.15,2,4056,4,"S",10.15,10.14,10.13,10.12,10.11,10.16,10.17,10.18,10.19,10.2,2794,5033,8662,8352,8606,2096,1819,2617,1109,1592
"sz",1,20141010,94512,10.16,4,104552,103,"B",10.15,10.14,10.13,10.12,10.11,10.16,10.17,10.18,10.19,10.2,2725,5049,8586,8352,8608,2093,1819,2617,1109,1592
"sz",1,20141010,94515,10.15,4,1226520,1208,"S",10.15,10.14,10.13,10.12,10.11,10.16,10.17,10.18,10.19,10.2,1522,5026,8594,8352,8608,2093,1819,2617,1109,1592
"sz",1,20141010,94518,10.15,1,10152,10,"S",10.15,10.14,10.13,10.12,10.11,10.16,10.17,10.18,10.19,10.2,1519,5125,8594,8352,8609,2093,1819,2617,1109,1592
"sz",1,20141010,94521,10.15,5,706440,696,"S",10.15,10.14,10.13,10.12,10.11,10.16,10.17,10.18,10.19,10.2,875,5125,8594,8352,8609,2112,1819,2617,1109,1592
"sz",1,20141010,94523,10.15,2,16264,16,"S",10.15,10.14,10.13,10.12,10.11,10.16,10.17,10.18,10.19,10.2,874,5125,8594,8294,8647,2112,1819,2617,1109,1592
"sz",1,20141010,94527,10.16,2,9920,10,"B",10.15,10.14,10.13,10.12,10.11,10.16,10.17,10.18,10.19,10.2,864,5188,8594,8341,8657,2109,1819,2617,1109,1592
"sz",1,20141010,94530,10.15,4,107600,106,"S",10.15,10.14,10.13,10.12,10.11,10.16,10.17,10.18,10.19,10.2,788,5145,8594,8341,8657,2094,1819,2617,1109,1592
"sz",1,20141010,94533,10.15,5,409064,403,"S",10.15,10.14,10.13,10.12,10.11,10.16,10.17,10.18,10.19,10.2,392,5147,8594,8341,8657,2093,1819,2608,1109,1592
"sz",1,20141010,94536,10.15,5,132960,131,"S",10.15,10.14,10.13,10.12,10.11,10.16,10.17,10.18,10.19,10.2,271,5177,8594,8351,8657,2093,1819,2608,1109,1592
"sz",1,20141010,94539,10.15,11,134992,133,"S",10.15,10.14,10.13,10.12,10.11,10.16,10.17,10.18,10.19,10.2,158,5215,8594,8351,8657,2123,1814,2608,1109,1592
"sz",1,20141010,94542,10.15,26,201240,198,"S",10.14,10.13,10.12,10.11,10.1,10.15,10.16,10.17,10.18,10.19,5220,8614,8351,8657,14023,26,2115,1814,2608,1109
"sz",1,20141010,94545,10.14,15,445016,439,"S",10.14,10.13,10.12,10.11,10.1,10.15,10.16,10.17,10.18,10.19,5093,8614,8451,8657,14028,100,2115,1814,2608,1109
"sz",1,20141010,94548,10.14,3,75032,74,"S",10.14,10.13,10.12,10.11,10.1,10.15,10.16,10.17,10.18,10.19,5019,8614,8451,8657,14028,158,2120,1814,2608,1109
"sz",1,20141010,94554,10.15,12,583816,575,"B",10.15,10.14,10.13,10.12,10.11,10.16,10.17,10.18,10.19,10.2,125,5019,8607,8432,8657,1925,1814,2590,1109,1594
"sz",1,20141010,94557,10.14,10,297368,293,"S",10.14,10.13,10.12,10.11,10.1,10.16,10.17,10.18,10.19,10.2,4967,8602,8432,8657,14038,2891,1814,2590,1109,1594
"sz",1,20141010,94600,10.15,10,101432,100,"B",10.14,10.13,10.12,10.11,10.1,10.15,10.16,10.17,10.18,10.19,4915,8602,8472,8657,14051,11,2885,1814,2590,1109
"sz",1,20141010,94603,10.14,4,5072,5,"S",10.14,10.13,10.12,10.11,10.1,10.15,10.16,10.17,10.18,10.19,4920,8622,8472,8644,14057,8,2885,1814,2590,1109
"sz",1,20141010,94605,10.16,3,23352,23,"B",10.15,10.14,10.13,10.12,10.11,10.16,10.17,10.18,10.19,10.2,183,4920,8622,8472,8644,4120,1814,2590,1109,1663
"sz",1,20141010,94611,10.15,5,199960,197,"S",10.14,10.13,10.12,10.11,10.1,10.15,10.16,10.17,10.18,10.19,6478,8625,8472,8669,14062,30,4145,1814,2590,1109
"sz",1,20141010,94615,10.15,7,134992,133,"B",10.15,10.14,10.13,10.12,10.11,10.16,10.17,10.18,10.19,10.2,35,6753,8645,8472,8663,4245,1814,2590,1109,1663
"sz",1,20141010,94618,10.15,2,35528,35,"S",10.14,10.13,10.12,10.11,10.1,10.15,10.16,10.17,10.18,10.19,6750,8645,8506,8713,14072,50,4245,1814,2590,1109
"sz",1,20141010,94621,10.15,3,26384,26,"B",10.14,10.13,10.12,10.11,10.1,10.15,10.16,10.17,10.18,10.19,6764,8656,8506,8713,13972,30,4245,1814,2590,1109
"sz",1,20141010,94624,10.14,2,12168,12,"S",10.14,10.13,10.12,10.11,10.1,10.15,10.16,10.17,10.18,10.19,6775,8656,8506,8733,13972,66,4245,1814,2590,1109
"sz",1,20141010,94626,10.14,3,21296,21,"S",10.14,10.13,10.12,10.11,10.1,10.15,10.16,10.17,10.18,10.19,6782,8681,8506,8733,13977,58,4258,1814,2590,1109
"sz",1,20141010,94630,10.14,1,20280,20,"S",10.14,10.13,10.12,10.11,10.1,10.15,10.16,10.17,10.18,10.19,6762,8681,8506,8733,13977,193,4258,1814,2590,1109
"sz",1,20141010,94633,10.14,3,12184,12,"S",10.14,10.13,10.12,10.11,10.1,10.15,10.16,10.17,10.18,10.19,6791,8704,8511,8713,13988,200,4275,1814,2590,1109
"sz",1,20141010,94636,10.14,5,66960,66,"S",10.14,10.13,10.12,10.11,10.1,10.15,10.16,10.17,10.18,10.19,6856,8704,8511,8713,13988,312,4275,1814,2590,1109
"sz",1,20141010,94639,10.14,5,74064,73,"S",10.14,10.13,10.12,10.11,10.1,10.15,10.16,10.17,10.18,10.19,6837,8704,8511,8763,13988,288,4275,1814,2590,1109
"sz",1,20141010,94642,10.14,1,1016,1,"S",10.14,10.13,10.12,10.11,10.1,10.15,10.16,10.17,10.18,10.19,6803,8705,8511,8770,13993,318,4275,1814,2590,1109
"sz",1,20141010,94645,10.15,2,7104,7,"B",10.14,10.13,10.12,10.11,10.1,10.15,10.16,10.17,10.18,10.19,6803,8716,8511,8790,13993,312,4275,1814,2590,1128
"sz",1,20141010,94648,10.15,6,128800,127,"B",10.14,10.13,10.12,10.11,10.1,10.15,10.16,10.17,10.18,10.19,6763,8736,8510,8790,13993,306,4275,1814,2590,1109
"sz",1,20141010,94651,10.15,1,46696,46,"B",10.14,10.13,10.12,10.11,10.1,10.15,10.16,10.17,10.18,10.19,5356,8736,8510,8795,14003,260,4275,1814,2590,1109
"sz",1,20141010,94654,10.14,7,222216,219,"S",10.14,10.13,10.12,10.11,10.1,10.15,10.16,10.17,10.18,10.19,5254,8748,8520,8783,14011,120,4275,1814,2590,1109
"sz",1,20141010,94657,10.15,20,385328,380,"B",10.14,10.13,10.12,10.11,10.1,10.15,10.16,10.17,10.18,10.19,4935,8753,8520,8783,14211,122,4275,1814,2590,1109
"sz",1,20141010,94700,10.15,4,21712,22,"B",10.14,10.13,10.12,10.11,10.1,10.15,10.16,10.17,10.18,10.19,4923,8743,8520,8783,14211,632,4275,1814,2590,1109
"sz",1,20141010,94703,10.15,1,1016,1,"B",10.14,10.13,10.12,10.11,10.1,10.15,10.16,10.17,10.18,10.19,4986,8763,8540,8793,14191,841,4275,1474,2590,1109
"sz",1,20141010,94706,10.15,4,12168,12,"B",10.14,10.13,10.12,10.11,10.1,10.15,10.16,10.17,10.18,10.19,4979,8763,8540,8793,14184,834,4275,1474,2590,1109
"sz",1,20141010,94709,10.15,4,16240,16,"B",10.14,10.13,10.12,10.11,10.1,10.15,10.16,10.17,10.18,10.19,5099,8763,8559,8793,14184,853,4390,1474,2590,1109
"sz",1,20141010,94712,10.15,6,32480,32,"B",10.14,10.13,10.12,10.11,10.1,10.15,10.16,10.17,10.18,10.19,5259,8763,8559,8803,14184,823,4390,1474,2590,1109
"sz",1,20141010,94715,10.15,9,205032,202,"B",10.14,10.13,10.12,10.11,10.1,10.15,10.16,10.17,10.18,10.19,5262,8768,8559,8803,14132,621,4390,1474,2590,1109
"sz",1,20141010,94718,10.14,4,214984,212,"S",10.14,10.13,10.12,10.11,10.1,10.15,10.16,10.17,10.18,10.19,5696,9478,8559,8803,14174,945,4390,1474,2590,1109
"sz",1,20141010,94721,10.14,7,13344,13,"S",10.14,10.13,10.12,10.11,10.1,10.15,10.16,10.17,10.18,10.19,5745,9428,8569,8803,14174,942,4390,1474,2590,1109
"sz",1,20141010,94724,10.15,4,321544,317,"B",10.14,10.13,10.12,10.11,10.1,10.15,10.16,10.17,10.18,10.19,5534,9428,8573,8798,14174,836,4390,1474,2590,1109
"sz",1,20141010,94727,10.14,2,52728,52,"S",10.14,10.13,10.12,10.11,10.1,10.15,10.16,10.17,10.18,10.19,5516,9428,8573,8808,14174,836,4390,1474,2590,1109
"sz",1,20141010,94729,10.15,2,3040,3,"B",10.14,10.13,10.12,10.11,10.1,10.15,10.16,10.17,10.18,10.19,5513,9428,8573,8818,14174,834,4390,1474,2590,1109
"sz",1,20141010,94733,10.15,1,2032,2,"B",10.14,10.13,10.12,10.11,10.1,10.15,10.16,10.17,10.18,10.19,5525,9435,8573,8878,14194,849,4390,1474,2590,1109
"sz",1,20141010,94736,10.15,2,59888,59,"B",10.14,10.13,10.12,10.11,10.1,10.15,10.16,10.17,10.18,10.19,5535,9425,8573,8878,14268,809,4390,1474,2590,1109
"sz",1,20141010,94739,10.14,5,76096,75,"S",10.14,10.13,10.12,10.11,10.1,10.15,10.16,10.17,10.18,10.19,5522,9427,8583,8913,14268,769,4390,1474,2590,1109
"sz",1,20141010,94742,10.15,2,6088,6,"B",10.14,10.13,10.12,10.11,10.1,10.15,10.16,10.17,10.18,10.19,5529,9437,8579,8933,14274,822,4371,1474,2590,1109
"sz",1,20141010,94745,10.15,3,132968,131,"B",10.14,10.13,10.12,10.11,10.1,10.15,10.16,10.17,10.18,10.19,5529,9530,8579,8933,14274,710,4371,1473,2590,1109
"sz",1,20141010,94748,10.15,15,867672,855,"B",10.14,10.13,10.12,10.11,10.1,10.15,10.16,10.17,10.18,10.19,5464,9530,8579,8933,14274,140,4371,1473,2590,1109
"sz",1,20141010,94751,10.15,5,20296,20,"B",10.14,10.13,10.12,10.11,10.1,10.15,10.16,10.17,10.18,10.19,5329,9530,8579,8933,14274,123,4371,1473,2590,1109
"sz",1,20141010,94754,10.15,5,50752,50,"B",10.14,10.13,10.12,10.11,10.1,10.15,10.16,10.17,10.18,10.19,5371,9530,8587,8933,14374,1149,4371,1473,2590,1109
"sz",1,20141010,94757,10.14,2,60848,60,"S",10.14,10.13,10.12,10.11,10.1,10.15,10.16,10.17,10.18,10.19,5485,9592,8587,8933,14359,1139,4371,1473,2590,1109
"sz",1,20141010,94800,10.14,4,88224,87,"S",10.14,10.13,10.12,10.11,10.1,10.15,10.16,10.17,10.18,10.19,5482,9592,8587,8953,14359,1136,4371,1473,2590,1109
"sz",1,20141010,94803,10.15,9,621176,612,"B",10.14,10.13,10.12,10.11,10.1,10.15,10.16,10.17,10.18,10.19,5529,9612,8587,8953,14359,527,4371,1473,2590,1109
"sz",1,20141010,94806,10.14,7,140984,139,"S",10.14,10.13,10.12,10.11,10.1,10.15,10.16,10.17,10.18,10.19,5577,9574,8602,8963,14359,506,4359,1473,2590,1109
"sz",1,20141010,94809,10.14,1,1008,1,"S",10.14,10.13,10.12,10.11,10.1,10.15,10.16,10.17,10.18,10.19,5607,9574,8602,8966,14372,652,4359,1473,2590,1109
"sz",1,20141010,94812,10.15,4,19280,19,"B",10.14,10.13,10.12,10.11,10.1,10.15,10.16,10.17,10.18,10.19,5824,9594,8602,8966,14372,638,4359,1473,2590,1109
"sz",1,20141010,94815,10.14,2,48712,48,"S",10.14,10.13,10.12,10.11,10.1,10.15,10.16,10.17,10.18,10.19,5819,9588,8602,9016,14372,620,4359,1473,2590,1109
"sz",1,20141010,94818,10.15,1,10152,10,"B",10.14,10.13,10.12,10.11,10.1,10.15,10.16,10.17,10.18,10.19,6841,9616,8602,9016,14375,668,4359,1473,2590,1109
"sz",1,20141010,94820,10.14,2,2176,2,"S",10.14,10.13,10.12,10.11,10.1,10.15,10.16,10.17,10.18,10.19,6839,9616,8602,9016,14375,677,4359,1473,2590,1109
"sz",1,20141010,94823,10.15,2,46696,46,"B",10.14,10.13,10.12,10.11,10.1,10.15,10.16,10.17,10.18,10.19,6850,9616,8602,9026,14390,631,4359,1473,2590,1109
"sz",1,20141010,94827,10.14,7,87200,86,"S",10.14,10.13,10.12,10.11,10.1,10.15,10.16,10.17,10.18,10.19,6764,9645,8602,9022,14411,631,4359,1473,2590,1109
"sz",1,20141010,94830,10.15,4,19280,19,"B",10.14,10.13,10.12,10.11,10.1,10.15,10.16,10.17,10.18,10.19,6773,9645,8706,9022,14421,640,4359,1473,2590,1109
"sz",1,20141010,94833,10.14,4,89232,88,"S",10.14,10.13,10.12,10.11,10.1,10.15,10.16,10.17,10.18,10.19,6685,9655,8716,9022,14426,640,4359,1473,2590,1109
"sz",1,20141010,94836,10.15,3,40600,40,"B",10.14,10.13,10.12,10.11,10.1,10.15,10.16,10.17,10.18,10.19,6723,9655,8721,9044,14446,600,3923,1473,2590,1109
"sz",1,20141010,94839,10.14,3,5072,5,"S",10.14,10.13,10.12,10.11,10.1,10.15,10.16,10.17,10.18,10.19,6829,9585,8621,9044,14450,740,3923,1473,2590,1109
"sz",1,20141010,94841,10.14,3,79088,78,"S",10.14,10.13,10.12,10.11,10.1,10.15,10.16,10.17,10.18,10.19,6751,9585,8621,9048,14450,883,3923,1473,2590,1109
"sz",1,20141010,94845,10.15,10,259624,256,"B",10.14,10.13,10.12,10.11,10.1,10.15,10.16,10.17,10.18,10.19,7208,9585,8621,9056,14450,872,3923,1473,2590,1109
"sz",1,20141010,94848,10.14,27,1002840,989,"S",10.14,10.13,10.12,10.11,10.1,10.15,10.16,10.17,10.18,10.19,6319,9585,8621,9056,14553,1308,3923,1473,2590,1109
"sz",1,20141010,94850,10.15,2,18272,18,"B",10.14,10.13,10.12,10.11,10.1,10.15,10.16,10.17,10.18,10.19,6319,9585,8621,9061,14553,1300,3923,1473,2590,1109
"sz",1,20141010,94854,10.14,9,111552,110,"S",10.14,10.13,10.12,10.11,10.1,10.15,10.16,10.17,10.18,10.19,6266,9560,8621,9067,14553,1294,3923,1473,2590,1128
"sz",1,20141010,94857,10.15,1,2024,2,"B",10.14,10.13,10.12,10.11,10.1,10.15,10.16,10.17,10.18,10.19,6288,9565,8627,9067,14553,1352,3933,1490,2590,1109
"sz",1,20141010,94900,10.14,2,27384,27,"S",10.14,10.13,10.12,10.11,10.1,10.15,10.16,10.17,10.18,10.19,6292,9565,8627,9080,14553,1351,3933,1490,2590,1109
"sz",1,20141010,94902,10.14,2,24360,24,"S",10.14,10.13,10.12,10.11,10.1,10.15,10.16,10.17,10.18,10.19,6304,9566,8627,9080,14553,1328,3933,1490,2590,1109
"sz",1,20141010,94906,10.14,2,45632,45,"S",10.14,10.13,10.12,10.11,10.1,10.15,10.16,10.17,10.18,10.19,6284,9542,8627,9091,14553,1328,3933,1490,2590,1109
"sz",1,20141010,94909,10.14,1,30424,30,"S",10.14,10.13,10.12,10.11,10.1,10.15,10.16,10.17,10.18,10.19,6306,9543,8627,9091,14576,1328,3933,1490,2590,1109
"sz",1,20141010,94912,10.14,62,3070384,3028,"S",10.14,10.13,10.12,10.11,10.1,10.15,10.16,10.17,10.18,10.19,3300,9543,8627,9129,14596,1328,3933,1490,2590,1109
"sz",1,20141010,94915,10.14,2,6088,6,"S",10.14,10.13,10.12,10.11,10.1,10.15,10.16,10.17,10.18,10.19,3266,9543,8627,9129,14597,1374,3933,1490,2590,1109
"sz",1,20141010,94918,10.15,3,39584,39,"B",10.14,10.13,10.12,10.11,10.1,10.15,10.16,10.17,10.18,10.19,3265,9553,8627,9129,14597,1344,3933,1490,2590,1109
"sz",1,20141010,94921,10.15,6,118640,117,"B",10.14,10.13,10.12,10.11,10.1,10.15,10.16,10.17,10.18,10.19,3155,9567,8627,9129,14605,1355,3933,1490,2590,1109
"sz",1,20141010,94924,10.14,12,130960,129,"S",10.14,10.13,10.12,10.11,10.1,10.15,10.16,10.17,10.18,10.19,3035,9567,8627,9121,14610,1387,3648,1490,2590,1109
"sz",1,20141010,94927,10.14,2,11152,11,"S",10.14,10.13,10.12,10.11,10.1,10.15,10.16,10.17,10.18,10.19,3024,9568,8627,9136,14610,1340,3623,1490,2596,1109
"sz",1,20141010,94930,10.14,6,66936,66,"S",10.14,10.13,10.12,10.11,10.1,10.15,10.16,10.17,10.18,10.19,3020,9563,8627,9136,14610,1328,3623,1490,2596,1109
"sz",1,20141010,94933,10.14,6,98792,97,"S",10.14,10.13,10.12,10.11,10.1,10.15,10.16,10.17,10.18,10.19,2982,9764,8627,9136,14615,1301,3623,1490,2596,1109
"sz",1,20141010,94939,10.14,8,258568,255,"S",10.14,10.13,10.12,10.11,10.1,10.15,10.16,10.17,10.18,10.19,2817,9774,8727,9136,14620,1361,3623,1490,2596,1109
"sz",1,20141010,94942,10.15,5,28400,28,"B",10.14,10.13,10.12,10.11,10.1,10.15,10.16,10.17,10.18,10.19,2834,9774,8752,9136,14646,1359,3623,1490,2596,1109
"sz",1,20141010,94945,10.14,10,220032,217,"S",10.14,10.13,10.12,10.11,10.1,10.15,10.16,10.17,10.18,10.19,2569,9774,8762,9132,14646,1414,3623,1490,2596,1109
"sz",1,20141010,94947,10.15,1,10152,10,"B",10.14,10.13,10.12,10.11,10.1,10.15,10.16,10.17,10.18,10.19,2604,9774,8762,9138,14646,1404,3623,1490,2596,1109
"sz",1,20141010,94951,10.14,1,2032,2,"S",10.14,10.13,10.12,10.11,10.1,10.15,10.16,10.17,10.18,10.19,2605,9774,8762,9138,14646,1404,3623,1490,2596,1109
"sz",1,20141010,94954,10.15,6,222104,219,"B",10.14,10.13,10.12,10.11,10.1,10.15,10.16,10.17,10.18,10.19,2455,9779,8762,9128,14646,1365,3623,1490,2596,1109
"sz",1,20141010,94957,10.15,5,117424,116,"B",10.14,10.13,10.12,10.11,10.1,10.15,10.16,10.17,10.18,10.19,2373,9769,8762,9120,14656,1382,3623,1490,2596,1109
"sz",1,20141010,95000,10.15,10,324744,320,"B",10.14,10.13,10.12,10.11,10.1,10.15,10.16,10.17,10.18,10.19,2417,9769,8772,9120,14656,1123,3623,1490,2596,1109
"sz",1,20141010,95003,10.15,5,32472,32,"B",10.14,10.13,10.12,10.11,10.1,10.15,10.16,10.17,10.18,10.19,2558,9780,8772,9120,14692,1154,3665,1490,2596,1109
"sz",1,20141010,95006,10.14,1,101408,100,"S",10.14,10.13,10.12,10.11,10.1,10.15,10.16,10.17,10.18,10.19,2481,9780,8772,9120,14692,1203,3665,1490,2596,1109
"sz",1,20141010,95009,10.15,5,113688,112,"B",10.14,10.13,10.12,10.11,10.1,10.15,10.16,10.17,10.18,10.19,2625,9780,8772,9120,14694,1423,3665,1490,2596,1109
"sz",1,20141010,95012,10.14,3,12176,12,"S",10.14,10.13,10.12,10.11,10.1,10.15,10.16,10.17,10.18,10.19,2632,9788,8772,9120,14674,1418,3665,1490,2596,1109
"sz",1,20141010,95015,10.14,3,27376,27,"S",10.14,10.13,10.12,10.11,10.1,10.15,10.16,10.17,10.18,10.19,2604,9788,8772,9227,14678,1428,3665,1490,2596,1109
"sz",1,20141010,95017,10.15,3,27376,27,"B",10.14,10.13,10.12,10.11,10.1,10.15,10.16,10.17,10.18,10.19,2733,9788,8772,9227,14678,1427,3665,1490,2596,1109
"sz",1,20141010,95021,10.14,5,35656,35,"S",10.14,10.13,10.12,10.11,10.1,10.15,10.16,10.17,10.18,10.19,2698,9788,8772,9312,14708,2422,3665,1490,2596,1109
"sz",1,20141010,95024,10.15,4,49728,49,"B",10.14,10.13,10.12,10.11,10.1,10.15,10.16,10.17,10.18,10.19,2759,9888,8782,9312,14713,2408,3665,1490,2596,1109
"sz",1,20141010,95027,10.15,2,13184,13,"B",10.14,10.13,10.12,10.11,10.1,10.15,10.16,10.17,10.18,10.19,3055,9888,8782,9262,14723,2397,3771,1490,2596,1109
"sz",1,20141010,95029,10.15,37,3099776,3054,"B",10.14,10.13,10.12,10.11,10.1,10.15,10.16,10.17,10.18,10.19,3025,9888,8782,9262,14751,127,3771,1490,2596,1109
"sz",1,20141010,95032,10.14,2,25352,25,"S",10.14,10.13,10.12,10.11,10.1,10.15,10.16,10.17,10.18,10.19,3210,9888,8782,9262,14761,127,3771,1490,2596,1109
"sz",1,20141010,95036,10.14,6,33472,33,"S",10.14,10.13,10.12,10.11,10.1,10.15,10.16,10.17,10.18,10.19,3242,9880,8782,9262,14763,112,3764,1490,2596,1109
"sz",1,20141010,95037,10.14,1,186576,184,"S",10.14,10.13,10.12,10.11,10.1,10.15,10.16,10.17,10.18,10.19,3058,9890,8782,9262,14763,112,3764,1490,2596,1109
"sz",1,20141010,95042,10.14,5,17248,17,"S",10.14,10.13,10.12,10.11,10.1,10.15,10.16,10.17,10.18,10.19,3006,9890,8774,9298,14833,207,3764,1490,2596,1109
"sz",1,20141010,95045,10.14,7,129848,128,"S",10.14,10.13,10.12,10.11,10.1,10.15,10.16,10.17,10.18,10.19,2964,9905,8774,9298,14833,185,3884,1490,2596,1109
"sz",1,20141010,95048,10.15,3,24360,24,"B",10.14,10.13,10.12,10.11,10.1,10.15,10.16,10.17,10.18,10.19,3051,9905,8774,9298,14848,346,3914,1490,2596,1109
"sz",1,20141010,95051,10.14,4,75072,74,"S",10.14,10.13,10.12,10.11,10.1,10.15,10.16,10.17,10.18,10.19,3030,9905,8769,9333,14848,308,3914,1490,2596,1109
"sz",1,20141010,95054,10.14,5,13192,13,"S",10.14,10.13,10.12,10.11,10.1,10.15,10.16,10.17,10.18,10.19,3086,9905,8769,9333,14852,305,3914,1490,2596,1109
"sz",1,20141010,95057,10.15,2,21296,21,"B",10.14,10.13,10.12,10.11,10.1,10.15,10.16,10.17,10.18,10.19,3068,9935,8769,9333,14852,352,3800,1490,2596,1109
"sz",1,20141010,95100,10.14,1,13384,14,"S",10.14,10.13,10.12,10.11,10.1,10.15,10.16,10.17,10.18,10.19,3065,9945,8778,9376,14852,373,3850,1490,2596,1109
"sz",1,20141010,95103,10.15,1,1016,1,"B",10.14,10.13,10.12,10.11,10.1,10.15,10.16,10.17,10.18,10.19,3065,9945,8778,9386,14877,459,3850,1490,2596,1109
"sz",1,20141010,95106,10.14,5,53656,53,"S",10.14,10.13,10.12,10.11,10.1,10.15,10.16,10.17,10.18,10.19,3189,9945,8788,9406,14880,513,3850,1490,2596,1109
"sz",1,20141010,95112,10.15,3,28416,28,"B",10.14,10.13,10.12,10.11,10.1,10.15,10.16,10.17,10.18,10.19,3204,9887,8788,9406,14940,638,3850,1490,2573,1109
"sz",1,20141010,95114,10.15,2,42584,42,"B",10.14,10.13,10.12,10.11,10.1,10.15,10.16,10.17,10.18,10.19,3167,9850,8788,9423,14940,1042,3850,1490,2573,1109
"sz",1,20141010,95118,10.14,2,12184,12,"S",10.14,10.13,10.12,10.11,10.1,10.15,10.16,10.17,10.18,10.19,3224,9850,8788,9433,14950,1032,3850,1490,2573,1109
"sz",1,20141010,95121,10.14,8,55968,55,"S",10.14,10.13,10.12,10.11,10.1,10.15,10.16,10.17,10.18,10.19,3312,9880,8788,9433,14950,980,3850,1490,2573,1109
"sz",1,20141010,95124,10.15,7,33496,33,"B",10.14,10.13,10.12,10.11,10.1,10.15,10.16,10.17,10.18,10.19,3362,9880,8788,9441,14948,1253,2894,1490,2573,1109
"sz",1,20141010,95127,10.14,3,4056,4,"S",10.14,10.13,10.12,10.11,10.1,10.15,10.16,10.17,10.18,10.19,3445,9885,8788,9441,15015,1250,2894,1490,2573,1109
"sz",1,20141010,95130,10.14,9,109512,108,"S",10.14,10.13,10.12,10.11,10.1,10.15,10.16,10.17,10.18,10.19,3490,9885,8783,9433,15015,1250,2894,1490,2573,1109
"sz",1,20141010,95133,10.14,1,1016,1,"S",10.14,10.13,10.12,10.11,10.1,10.15,10.16,10.17,10.18,10.19,3553,9905,8783,9438,15015,1250,2894,1490,2583,1109
"sz",1,20141010,95135,10.15,1,19280,19,"B",10.14,10.13,10.12,10.11,10.1,10.15,10.16,10.17,10.18,10.19,3624,9925,8783,9433,15020,1231,2894,1490,2583,1109
"sz",1,20141010,95139,10.15,1,1016,1,"B",10.14,10.13,10.12,10.11,10.1,10.15,10.16,10.17,10.18,10.19,5091,9925,8783,9447,15020,1230,2894,1490,2583,1109
"sz",1,20141010,95142,10.14,1,27376,27,"S",10.14,10.13,10.12,10.11,10.1,10.15,10.16,10.17,10.18,10.19,5077,9915,8783,9450,15020,1230,2894,1490,2583,1109
"sz",1,20141010,95144,10.15,2,46696,46,"B",10.14,10.13,10.12,10.11,10.1,10.15,10.16,10.17,10.18,10.19,5079,9915,8783,9440,15030,1184,2894,1490,2583,1109
"sz",1,20141010,95148,10.15,4,89656,88,"B",10.14,10.13,10.12,10.11,10.1,10.15,10.16,10.17,10.18,10.19,5058,9925,8783,9448,15031,1116,2894,1490,2583,1109
"sz",1,20141010,95154,10.14,4,13184,13,"S",10.14,10.13,10.12,10.11,10.1,10.15,10.16,10.17,10.18,10.19,5111,9925,8887,9466,15107,1248,2924,1490,2583,1109
"sz",1,20141010,95157,10.14,5,104440,103,"S",10.14,10.13,10.12,10.11,10.1,10.15,10.16,10.17,10.18,10.19,5039,10025,8887,9466,15112,1253,2924,1490,2583,1109
"sz",1,20141010,95200,10.15,8,53768,53,"B",10.14,10.13,10.12,10.11,10.1,10.15,10.16,10.17,10.18,10.19,5099,10025,8887,9476,15112,1234,2924,1490,2583,1109
"sz",1,20141010,95203,10.15,7,101504,100,"B",10.14,10.13,10.12,10.11,10.1,10.15,10.16,10.17,10.18,10.19,5114,10025,8928,9476,15112,1134,2924,1490,2583,1109
"sz",1,20141010,95206,10.14,4,64944,64,"S",10.14,10.13,10.12,10.11,10.1,10.15,10.16,10.17,10.18,10.19,5099,10025,8946,9476,15112,1100,2924,1490,2583,1109
"sz",1,20141010,95208,10.15,3,5072,5,"B",10.14,10.13,10.12,10.11,10.1,10.15,10.16,10.17,10.18,10.19,5167,10025,8946,9506,15162,1098,2924,1490,2583,1109
"sz",1,20141010,95212,10.15,2,30064,30,"B",10.14,10.13,10.12,10.11,10.1,10.15,10.16,10.17,10.18,10.19,5271,10023,8946,9506,15162,1088,2924,1490,2583,1109
"sz",1,20141010,95215,10.14,6,503992,497,"S",10.14,10.13,10.12,10.11,10.1,10.15,10.16,10.17,10.18,10.19,4816,10081,8936,9506,15162,1089,2924,1490,2569,1109
"sz",1,20141010,95218,10.14,4,56840,56,"S",10.14,10.13,10.12,10.11,10.1,10.15,10.16,10.17,10.18,10.19,4891,10091,8937,9506,15179,2698,2918,1490,2569,1109
"sz",1,20141010,95220,10.14,5,40744,40,"S",10.14,10.13,10.12,10.11,10.1,10.15,10.16,10.17,10.18,10.19,4881,10100,8937,9506,15184,2667,2918,1490,2569,1109
"sz",1,20141010,95224,10.15,4,75112,74,"B",10.14,10.13,10.12,10.11,10.1,10.15,10.16,10.17,10.18,10.19,4902,10100,8937,9506,15263,2593,2918,1557,2569,1109
"sz",1,20141010,95227,10.15,3,71024,70,"B",10.14,10.13,10.12,10.11,10.1,10.15,10.16,10.17,10.18,10.19,4908,10100,8937,9506,15266,2543,2918,1557,2569,1109
"sz",1,20141010,95230,10.15,5,50720,50,"B",10.14,10.13,10.12,10.11,10.1,10.15,10.16,10.17,10.18,10.19,5099,10110,8937,9506,15281,2580,2918,1557,2569,1109
"sz",1,20141010,95233,10.15,6,41568,41,"B",10.14,10.13,10.12,10.11,10.1,10.15,10.16,10.17,10.18,10.19,5257,10112,8937,9506,15281,2579,1902,1557,2569,1109
"sz",1,20141010,95236,10.14,7,58832,58,"S",10.14,10.13,10.12,10.11,10.1,10.15,10.16,10.17,10.18,10.19,5276,10112,8942,9506,15301,2562,1902,1557,2569,1109
"sz",1,20141010,95239,10.14,20,285112,281,"S",10.14,10.13,10.12,10.11,10.1,10.15,10.16,10.17,10.18,10.19,5219,10012,8942,9507,15306,2390,1793,1557,2569,1109
"sz",1,20141010,95241,10.15,2,82216,81,"B",10.14,10.13,10.12,10.11,10.1,10.15,10.16,10.17,10.18,10.19,5242,10016,8942,9507,15309,2310,1793,1557,2569,1179
"sz",1,20141010,95245,10.14,3,17232,17,"S",10.14,10.13,10.12,10.11,10.1,10.15,10.16,10.17,10.18,10.19,5305,10016,8942,9507,15316,2360,1793,1557,2569,1179
"sz",1,20141010,95248,10.15,1,1016,1,"B",10.14,10.13,10.12,10.11,10.1,10.15,10.16,10.17,10.18,10.19,5318,9816,8942,9633,15316,2374,1793,1557,2569,1179
"sz",1,20141010,95250,10.15,4,65968,65,"B",10.14,10.13,10.12,10.11,10.1,10.15,10.16,10.17,10.18,10.19,5357,9806,8942,9545,15356,2319,1793,1557,2569,1179
"sz",1,20141010,95254,10.14,3,47688,47,"S",10.14,10.13,10.12,10.11,10.1,10.15,10.16,10.17,10.18,10.19,5338,9777,8942,9545,15356,2292,1793,1557,2572,1179
"sz",1,20141010,95257,10.15,45,1330368,1312,"B",10.14,10.13,10.12,10.11,10.1,10.15,10.16,10.17,10.18,10.19,4028,9805,8942,9545,15371,2290,1793,1607,2572,1179
"sz",1,20141010,95300,10.14,1,2024,2,"S",10.14,10.13,10.12,10.11,10.1,10.15,10.16,10.17,10.18,10.19,4128,9805,8942,9555,15371,2290,1808,1607,2572,1179
"sz",1,20141010,95306,10.14,54,1749272,1725,"S",10.14,10.13,10.12,10.11,10.1,10.15,10.16,10.17,10.18,10.19,2630,9808,8912,9549,15401,2174,1808,1607,2602,1179
"sz",1,20141010,95309,10.14,2,62256,61,"S",10.14,10.13,10.12,10.11,10.1,10.15,10.16,10.17,10.18,10.19,2599,9788,8912,9554,15431,2174,1808,1607,2602,1179
"sz",1,20141010,95312,10.15,3,5072,5,"B",10.14,10.13,10.12,10.11,10.1,10.15,10.16,10.17,10.18,10.19,2723,9788,8912,9554,15431,2171,1808,1607,2602,1179
"sz",1,20141010,95315,10.14,1,2032,2,"S",10.14,10.13,10.12,10.11,10.1,10.15,10.16,10.17,10.18,10.19,2771,9788,8922,9554,15431,2291,1808,1607,2602,1179
"sz",1,20141010,95318,10.15,6,825408,814,"B",10.14,10.13,10.12,10.11,10.1,10.15,10.16,10.17,10.18,10.19,2024,9788,8922,9554,15441,2301,1808,1607,2567,1179
"sz",1,20141010,95321,10.14,6,115744,114,"S",10.14,10.13,10.12,10.11,10.1,10.15,10.16,10.17,10.18,10.19,2026,9788,8932,9557,15441,2301,1808,1607,2567,1179
"sz",1,20141010,95323,10.15,2,41616,41,"B",10.14,10.13,10.12,10.11,10.1,10.15,10.16,10.17,10.18,10.19,2027,9805,8942,9557,15441,2261,1808,1607,2567,1179
"sz",1,20141010,95327,10.15,9,267728,264,"B",10.14,10.13,10.12,10.11,10.1,10.15,10.16,10.17,10.18,10.19,1840,9815,8942,9557,15441,2225,1808,1607,2567,1179
"sz",1,20141010,95330,10.15,33,871032,859,"B",10.14,10.13,10.12,10.11,10.1,10.15,10.16,10.17,10.18,10.19,1085,9835,8942,9356,15461,2220,1788,1607,2567,1179
"sz",1,20141010,95333,10.14,10,70984,70,"S",10.14,10.13,10.12,10.11,10.1,10.15,10.16,10.17,10.18,10.19,1125,9835,8942,9356,15461,2240,1788,1607,2567,1179
"sz",1,20141010,95336,10.15,3,6080,6,"B",10.14,10.13,10.12,10.11,10.1,10.15,10.16,10.17,10.18,10.19,1251,9838,8942,9356,15470,2312,1788,1607,2567,1179
"sz",1,20141010,95338,10.15,1,1016,1,"B",10.14,10.13,10.12,10.11,10.1,10.15,10.16,10.17,10.18,10.19,1301,9858,8952,9356,15471,2311,1788,1607,2567,1179
"sz",1,20141010,95342,10.14,19,448224,442,"S",10.14,10.13,10.12,10.11,10.1,10.15,10.16,10.17,10.18,10.19,917,9858,8952,9356,15641,2379,1788,1607,2567,1179
"sz",1,20141010,95344,10.14,19,408640,403,"S",10.14,10.13,10.12,10.11,10.1,10.15,10.16,10.17,10.18,10.19,565,9861,8952,9356,15646,2378,1788,1607,2567,1179
"sz",1,20141010,95348,10.15,15,217008,214,"B",10.14,10.13,10.12,10.11,10.1,10.15,10.16,10.17,10.18,10.19,451,9761,8957,9356,15661,2370,1788,1602,2567,1179
"sz",1,20141010,95351,10.14,3,53784,53,"S",10.14,10.13,10.12,10.11,10.1,10.15,10.16,10.17,10.18,10.19,446,9816,8965,9376,14360,2328,1788,1602,2567,1179
"sz",1,20141010,95354,10.14,9,212944,210,"S",10.14,10.13,10.12,10.11,10.1,10.15,10.16,10.17,10.18,10.19,256,9836,8965,9396,14365,2328,1788,1602,2567,1179
"sz",1,20141010,95357,10.14,14,669872,660,"S",10.14,10.13,10.12,10.11,10.1,10.15,10.16,10.17,10.18,10.19,558,9959,8965,9406,14345,1704,1788,1602,2567,1179
"sz",1,20141010,95400,10.14,34,633744,625,"S",10.14,10.13,10.12,10.11,10.1,10.15,10.16,10.17,10.18,10.19,139,9959,8965,9442,14276,1704,1788,1602,2567,1179
"sz",1,20141010,95403,10.14,7,280328,277,"S",10.13,10.12,10.11,10.1,10.09,10.14,10.15,10.16,10.17,10.18,10114,8975,9442,14276,2005,606,1671,1788,1602,2567
"sz",1,20141010,95406,10.15,11,688576,679,"B",10.13,10.12,10.11,10.1,10.09,10.15,10.16,10.17,10.18,10.19,10134,8975,9442,14276,2005,1605,1788,1602,2567,1179
"sz",1,20141010,95409,10.14,1,1008,1,"S",10.14,10.13,10.12,10.11,10.1,10.15,10.16,10.17,10.18,10.19,298,10184,8975,9442,14292,1605,1788,1602,2567,1179
"sz",1,20141010,95412,10.15,4,27384,27,"B",10.14,10.13,10.12,10.11,10.1,10.15,10.16,10.17,10.18,10.19,650,10186,8975,9442,14292,1598,1788,1602,2567,1179
"sz",1,20141010,95415,10.15,12,570280,562,"B",10.14,10.13,10.12,10.11,10.1,10.15,10.16,10.17,10.18,10.19,133,10261,8995,9442,14292,1593,1838,1602,2567,1179
"sz",1,20141010,95418,10.15,4,86272,85,"B",10.14,10.13,10.12,10.11,10.1,10.15,10.16,10.17,10.18,10.19,202,10163,8995,9442,14292,1511,1838,1602,2567,1179
"sz",1,20141010,95421,10.13,31,782584,772,"S",10.14,10.13,10.12,10.11,10.1,10.15,10.16,10.17,10.18,10.19,10,9823,8995,9440,14292,1511,1823,1602,2567,1179
"sz",1,20141010,95430,10.14,4,46272,46,"S",10.14,10.13,10.12,10.11,10.1,10.15,10.16,10.17,10.18,10.19,329,9971,8975,9668,14324,1560,1823,1602,2567,1179
"sz",1,20141010,95433,10.14,5,63888,63,"S",10.14,10.13,10.12,10.11,10.1,10.15,10.16,10.17,10.18,10.19,359,10101,8975,9668,14334,1547,1823,1602,2567,1179
"sz",1,20141010,95436,10.14,4,3048,3,"S",10.14,10.13,10.12,10.11,10.1,10.15,10.16,10.17,10.18,10.19,442,10206,8975,9668,14334,1547,1833,1602,2567,1179
"sz",1,20141010,95439,10.14,2,2024,2,"S",10.14,10.13,10.12,10.11,10.1,10.15,10.16,10.17,10.18,10.19,448,10268,8975,9698,14334,1578,1833,1602,2567,1179
"sz",1,20141010,95445,10.14,7,76376,75,"S",10.14,10.13,10.12,10.11,10.1,10.15,10.16,10.17,10.18,10.19,683,10410,8995,9698,14356,1536,1833,1602,2567,1179
"sz",1,20141010,95448,10.14,19,372136,367,"S",10.14,10.13,10.12,10.11,10.1,10.15,10.16,10.17,10.18,10.19,437,10458,8985,9706,14426,1606,1833,1602,2567,1179
"sz",1,20141010,95451,10.15,1,75112,74,"B",10.14,10.13,10.12,10.11,10.1,10.15,10.16,10.17,10.18,10.19,462,10503,8985,9706,14456,1532,1833,1602,2567,1179
"sz",1,20141010,95454,10.14,2,1016,1,"S",10.14,10.13,10.12,10.11,10.1,10.15,10.16,10.17,10.18,10.19,534,10515,8985,9709,14461,1562,1833,1602,2567,1179
"sz",1,20141010,95457,10.14,5,79016,78,"S",10.14,10.13,10.12,10.11,10.1,10.15,10.16,10.17,10.18,10.19,581,10594,8985,9825,14511,1560,1833,1602,2567,1179
"sz",1,20141010,95500,10.14,7,220120,217,"S",10.14,10.13,10.12,10.11,10.1,10.15,10.16,10.17,10.18,10.19,413,11897,8990,9825,14650,1558,1833,1602,2567,1179
"sz",1,20141010,95503,10.15,3,49728,49,"B",10.14,10.13,10.12,10.11,10.1,10.15,10.16,10.17,10.18,10.19,1116,11817,9001,9830,14653,1509,1833,1602,2567,1179
"sz",1,20141010,95506,10.14,4,37544,37,"S",10.14,10.13,10.12,10.11,10.1,10.15,10.16,10.17,10.18,10.19,1108,11817,9001,9830,14706,1487,1873,1585,2567,1179
"sz",1,20141010,95508,10.15,2,3040,3,"B",10.14,10.13,10.12,10.11,10.1,10.15,10.16,10.17,10.18,10.19,1485,11847,8991,9850,14719,1486,1873,1585,2567,1179
"sz",1,20141010,95512,10.14,36,684456,675,"S",10.14,10.13,10.12,10.11,10.1,10.15,10.16,10.17,10.18,10.19,893,11884,8991,9850,14719,1487,1758,1585,2550,1179
"sz",1,20141010,95515,10.14,9,197728,195,"S",10.14,10.13,10.12,10.11,10.1,10.15,10.16,10.17,10.18,10.19,925,11898,8991,9850,14729,1492,1758,1585,2550,1179
"sz",1,20141010,95518,10.14,10,243368,240,"S",10.14,10.13,10.12,10.11,10.1,10.15,10.16,10.17,10.18,10.19,721,12609,8991,9860,14769,1488,1758,1585,2550,1179
"sz",1,20141010,95521,10.14,14,165456,163,"S",10.14,10.13,10.12,10.11,10.1,10.15,10.16,10.17,10.18,10.19,939,12625,8991,9860,14769,1489,1758,1585,2550,1179
"sz",1,20141010,95524,10.14,18,433816,428,"S",10.14,10.13,10.12,10.11,10.1,10.15,10.16,10.17,10.18,10.19,559,12657,8991,9860,14759,1489,1758,1585,2550,1179
"sz",1,20141010,95527,10.14,2,30464,30,"S",10.14,10.13,10.12,10.11,10.1,10.15,10.16,10.17,10.18,10.19,653,12659,8991,9870,14759,1489,1758,1585,2550,1179
"sz",1,20141010,95533,10.14,26,931864,919,"S",10.14,10.13,10.12,10.11,10.1,10.15,10.16,10.17,10.18,10.19,1738,12759,8991,9870,14760,1489,1798,1585,2550,1179
"sz",1,20141010,95536,10.15,2,25360,25,"B",10.14,10.13,10.12,10.11,10.1,10.15,10.16,10.17,10.18,10.19,1772,12821,9006,9870,14780,1500,1798,1705,2550,1179
"sz",1,20141010,95538,10.15,3,11168,11,"B",10.14,10.13,10.12,10.11,10.1,10.15,10.16,10.17,10.18,10.19,1777,12821,9006,9870,14780,1606,1848,1705,2550,1179
"sz",1,20141010,95545,10.14,2,7104,7,"S",10.14,10.13,10.12,10.11,10.1,10.15,10.16,10.17,10.18,10.19,2395,12873,9006,9870,14780,1607,1848,1705,2550,1179
"sz",1,20141010,95551,10.15,3,7104,7,"B",10.14,10.13,10.12,10.11,10.1,10.15,10.16,10.17,10.18,10.19,2813,12969,9006,9870,14786,1761,1848,1705,2550,1179
"sz",1,20141010,95554,10.14,1,50696,50,"S",10.14,10.13,10.12,10.11,10.1,10.15,10.16,10.17,10.18,10.19,2912,13090,8988,9870,14786,1781,2040,1705,2550,1179
"sz",1,20141010,95557,10.15,2,18272,18,"B",10.14,10.13,10.12,10.11,10.1,10.15,10.16,10.17,10.18,10.19,2973,13090,8983,9882,14764,1910,2040,1705,2550,1189
"sz",1,20141010,95600,10.14,4,109512,108,"S",10.14,10.13,10.12,10.11,10.1,10.15,10.16,10.17,10.18,10.19,3095,13095,9000,9882,14764,1892,2040,1705,2550,1189
"sz",1,20141010,95603,10.15,5,66384,66,"B",10.14,10.13,10.12,10.11,10.1,10.15,10.16,10.17,10.18,10.19,3081,13105,9000,9882,14760,1929,2040,1705,2550,1189
"sz",1,20141010,95606,10.14,5,228536,225,"S",10.14,10.13,10.12,10.11,10.1,10.15,10.16,10.17,10.18,10.19,2892,13108,9000,9891,14800,1926,2040,1705,2550,1189
"sz",1,20141010,95609,10.15,1,10152,10,"B",10.14,10.13,10.12,10.11,10.1,10.15,10.16,10.17,10.18,10.19,3049,13111,9000,9911,14800,1911,2040,1705,2550,1189
"sz",1,20141010,95612,10.14,3,17240,17,"S",10.14,10.13,10.12,10.11,10.1,10.15,10.16,10.17,10.18,10.19,3140,11798,8990,9911,14800,1908,2040,1705,2550,1189
"sz",1,20141010,95615,10.14,4,85184,84,"S",10.14,10.13,10.12,10.11,10.1,10.15,10.16,10.17,10.18,10.19,3155,11802,9067,9961,14810,1927,2040,1705,2550,1189
"sz",1,20141010,95618,10.14,1,13184,13,"S",10.14,10.13,10.12,10.11,10.1,10.15,10.16,10.17,10.18,10.19,3192,11802,9067,10011,14825,1927,2040,1705,2550,1189
"sz",1,20141010,95621,10.14,4,250624,247,"S",10.14,10.13,10.12,10.11,10.1,10.15,10.16,10.17,10.18,10.19,2980,11802,9067,10011,14825,1927,2040,1705,2550,1189
"sz",1,20141010,95623,10.14,3,45096,45,"S",10.14,10.13,10.12,10.11,10.1,10.15,10.16,10.17,10.18,10.19,2929,11802,9067,10021,14825,1927,2040,1706,2550,1189
"sz",1,20141010,95627,10.15,3,153120,151,"B",10.14,10.13,10.12,10.11,10.1,10.15,10.16,10.17,10.18,10.19,2807,11852,9020,10002,14825,1926,2040,1706,2550,1189
"sz",1,20141010,95630,10.15,2,3040,3,"B",10.14,10.13,10.12,10.11,10.1,10.15,10.16,10.17,10.18,10.19,2956,11852,9020,10002,14825,1925,2045,1706,2550,1189
"sz",1,20141010,95632,10.15,1,2032,2,"B",10.14,10.13,10.12,10.11,10.1,10.15,10.16,10.17,10.18,10.19,3091,11854,9020,10002,14827,1909,2045,1706,2550,1189
"sz",1,20141010,95635,10.14,16,970424,957,"S",10.14,10.13,10.12,10.11,10.1,10.15,10.16,10.17,10.18,10.19,2195,11854,9020,9999,14834,1883,2045,1706,2550,1189
"sz",1,20141010,95639,10.15,8,85232,84,"B",10.14,10.13,10.12,10.11,10.1,10.15,10.16,10.17,10.18,10.19,2197,11858,9020,10013,14834,1888,2045,1706,2550,1189
"sz",1,20141010,95642,10.15,2,60856,60,"B",10.14,10.13,10.12,10.11,10.1,10.15,10.16,10.17,10.18,10.19,2485,11887,9020,10028,14834,2078,2045,1706,2550,1189
"sz",1,20141010,95645,10.14,5,228152,225,"S",10.14,10.13,10.12,10.11,10.1,10.15,10.16,10.17,10.18,10.19,2292,11887,9027,10028,14834,2078,2045,1706,2600,1189
"sz",1,20141010,95648,10.14,1,96328,95,"S",10.14,10.13,10.12,10.11,10.1,10.15,10.16,10.17,10.18,10.19,2571,11718,9036,10028,14834,2394,2045,1723,2600,1189
"sz",1,20141010,95654,10.15,2,65976,65,"B",10.14,10.13,10.12,10.11,10.1,10.15,10.16,10.17,10.18,10.19,2616,11719,9069,10028,14538,3129,2045,1723,2600,1189
"sz",1,20141010,95657,10.15,3,12176,12,"B",10.14,10.13,10.12,10.11,10.1,10.15,10.16,10.17,10.18,10.19,2711,11714,9089,10022,14538,3438,2045,1723,2600,1189
"sz",1,20141010,95700,10.14,3,37520,37,"S",10.14,10.13,10.12,10.11,10.1,10.15,10.16,10.17,10.18,10.19,2720,11714,9078,9992,14538,3519,2045,1723,2600,1189
"sz",1,20141010,95702,10.14,2,2024,2,"S",10.14,10.13,10.12,10.11,10.1,10.15,10.16,10.17,10.18,10.19,3108,11714,9089,9992,14538,3519,2045,1723,2600,1189
"sz",1,20141010,95706,10.15,5,79424,78,"B",10.14,10.13,10.12,10.11,10.1,10.15,10.16,10.17,10.18,10.19,3106,11714,9089,9992,14538,3531,1925,1693,2600,1189
"sz",1,20141010,95709,10.14,5,23328,23,"S",10.14,10.13,10.12,10.11,10.1,10.15,10.16,10.17,10.18,10.19,3088,11714,9119,9992,14550,3530,1875,1693,2600,1189
"sz",1,20141010,95712,10.14,3,45104,45,"S",10.14,10.13,10.12,10.11,10.1,10.15,10.16,10.17,10.18,10.19,3285,11718,9119,9992,14550,3528,1875,1693,2600,1189
"sz",1,20141010,95715,10.15,1,10152,10,"B",10.14,10.13,10.12,10.11,10.1,10.15,10.16,10.17,10.18,10.19,3318,11718,9119,9992,14550,3524,1875,1693,2600,1189
"sz",1,20141010,95718,10.15,3,11160,11,"B",10.14,10.13,10.12,10.11,10.1,10.15,10.16,10.17,10.18,10.19,3405,11701,9119,9992,14580,3515,1875,1693,2600,1189
"sz",1,20141010,95721,10.14,7,84488,83,"S",10.14,10.13,10.12,10.11,10.1,10.15,10.16,10.17,10.18,10.19,3396,11701,9119,9992,14577,3720,1875,1743,2600,1189
"sz",1,20141010,95724,10.15,1,1016,1,"B",10.14,10.13,10.12,10.11,10.1,10.15,10.16,10.17,10.18,10.19,3475,11728,9119,10009,14607,3799,1875,1743,2600,1189
"sz",1,20141010,95727,10.14,40,1128696,1113,"S",10.14,10.13,10.12,10.11,10.1,10.15,10.16,10.17,10.18,10.19,2543,11731,9119,10009,14607,3686,1875,1743,2600,1189
"sz",1,20141010,95729,10.14,26,655040,646,"S",10.14,10.13,10.12,10.11,10.1,10.15,10.16,10.17,10.18,10.19,2030,11753,9119,10009,14627,3806,1875,1743,2600,1189
"sz",1,20141010,95732,10.14,4,31872,31,"S",10.14,10.13,10.12,10.11,10.1,10.15,10.16,10.17,10.18,10.19,2008,11803,9119,10009,14627,3803,1875,1743,2600,1189
"sz",1,20141010,95735,10.14,3,42584,42,"S",10.14,10.13,10.12,10.11,10.1,10.15,10.16,10.17,10.18,10.19,2082,11803,9124,9989,14627,3825,1875,1743,2600,1189
"sz",1,20141010,95739,10.14,2,6088,6,"S",10.14,10.13,10.12,10.11,10.1,10.15,10.16,10.17,10.18,10.19,2173,11814,9124,9989,15127,3753,1875,1743,2600,1189
"sz",1,20141010,95742,10.15,2,67992,67,"B",10.14,10.13,10.12,10.11,10.1,10.15,10.16,10.17,10.18,10.19,2202,11814,9124,9989,15129,3732,1875,1743,2600,1189
"sz",1,20141010,95745,10.15,2,6088,6,"B",10.14,10.13,10.12,10.11,10.1,10.15,10.16,10.17,10.18,10.19,2315,11810,9124,9989,15159,3726,1875,1743,2600,1189
"sz",1,20141010,95748,10.14,1,15216,15,"S",10.14,10.13,10.12,10.11,10.1,10.15,10.16,10.17,10.18,10.19,2500,11815,9137,9989,15159,3746,1875,1743,2600,1189
"sz",1,20141010,95751,10.15,1,50744,50,"B",10.14,10.13,10.12,10.11,10.1,10.15,10.16,10.17,10.18,10.19,3438,11825,9140,9978,15359,3729,1875,1749,2600,1189
"sz",1,20141010,95754,10.14,9,328024,324,"S",10.14,10.13,10.12,10.11,10.1,10.15,10.16,10.17,10.18,10.19,3141,11825,9083,9978,15359,3729,1875,1749,2600,1189
"sz",1,20141010,95757,10.15,2,15224,15,"B",10.14,10.13,10.12,10.11,10.1,10.15,10.16,10.17,10.18,10.19,3174,11825,9088,9948,15359,3737,1875,1749,2600,1189
"sz",1,20141010,95800,10.15,3,3040,3,"B",10.14,10.13,10.12,10.11,10.1,10.15,10.16,10.17,10.18,10.19,4696,11845,9080,9948,15359,3736,1875,1749,2600,1189
"sz",1,20141010,95803,10.14,4,241416,238,"S",10.14,10.13,10.12,10.11,10.1,10.15,10.16,10.17,10.18,10.19,5035,11835,9084,9998,15391,3670,1845,1749,2600,1189
"sz",1,20141010,95806,10.15,4,34512,34,"B",10.14,10.13,10.12,10.11,10.1,10.15,10.16,10.17,10.18,10.19,6052,11825,9084,9998,15299,3572,1845,1749,2600,1147
"sz",1,20141010,95809,10.15,5,104504,103,"B",10.14,10.13,10.12,10.11,10.1,10.15,10.16,10.17,10.18,10.19,6228,11825,9084,9988,15309,3511,1845,1749,2600,1147
"sz",1,20141010,95812,10.14,23,369336,364,"S",10.14,10.13,10.12,10.11,10.1,10.15,10.16,10.17,10.18,10.19,5958,12002,9084,9990,15309,3519,921,1749,2600,1147
"sz",1,20141010,95815,10.15,14,195712,193,"B",10.14,10.13,10.12,10.11,10.1,10.15,10.16,10.17,10.18,10.19,5815,12964,9084,10097,15306,3550,921,1749,2600,1147
"sz",1,20141010,95818,10.14,7,193152,190,"S",10.14,10.13,10.12,10.11,10.1,10.15,10.16,10.17,10.18,10.19,5636,12969,9116,10097,15311,3580,921,1749,2600,1147
"sz",1,20141010,95821,10.14,72,1507288,1486,"S",10.14,10.13,10.12,10.11,10.1,10.15,10.16,10.17,10.18,10.19,5269,13269,9116,10097,15311,3044,921,1749,2600,1147
"sz",1,20141010,95824,10.14,13,398504,393,"S",10.14,10.13,10.12,10.11,10.1,10.15,10.16,10.17,10.18,10.19,5688,13254,9116,10127,15311,2048,921,1749,2600,1147
"sz",1,20141010,95827,10.14,4,85184,84,"S",10.14,10.13,10.12,10.11,10.1,10.15,10.16,10.17,10.18,10.19,5643,13239,9216,10127,15311,2038,921,1749,2600,1147
"sz",1,20141010,95830,10.14,6,24352,24,"S",10.14,10.13,10.12,10.11,10.1,10.15,10.16,10.17,10.18,10.19,5814,13249,9216,10127,15311,2164,906,1749,2600,1147
"sz",1,20141010,95833,10.14,3,249600,247,"S",10.14,10.13,10.12,10.11,10.1,10.15,10.16,10.17,10.18,10.19,5666,13249,9176,10127,15311,2094,906,1749,2600,1147
"sz",1,20141010,95836,10.14,74,5806056,5725,"S",10.13,10.12,10.11,10.1,10.09,10.14,10.15,10.16,10.17,10.18,13199,9226,10127,15320,2065,483,2147,896,1749,2600
"sz",1,20141010,95839,10.14,12,150072,148,"B",10.13,10.12,10.11,10.1,10.09,10.14,10.15,10.16,10.17,10.18,13203,9226,10127,15320,2065,377,2169,896,1749,2600
"sz",1,20141010,95842,10.14,32,463152,458,"B",10.13,10.12,10.11,10.1,10.09,10.14,10.15,10.16,10.17,10.18,12752,9226,10127,15325,2105,388,2169,896,1749,2600
"sz",1,20141010,95845,10.14,4,106464,105,"B",10.13,10.12,10.11,10.1,10.09,10.14,10.15,10.16,10.17,10.18,12750,9226,10135,15326,2105,299,2049,896,1749,2600
"sz",1,20141010,95848,10.13,12,683880,675,"S",10.13,10.12,10.11,10.1,10.09,10.14,10.15,10.16,10.17,10.18,12183,9226,10123,15326,2105,239,2019,896,1749,2600
"sz",1,20141010,95851,10.14,12,225016,222,"B",10.13,10.12,10.11,10.1,10.09,10.14,10.15,10.16,10.17,10.18,12027,9226,10123,15336,2105,178,2019,896,1749,2600
"sz",1,20141010,95854,10.14,9,372864,368,"B",10.13,10.12,10.11,10.1,10.09,10.14,10.15,10.16,10.17,10.18,11831,9225,10123,15336,2105,136,2109,896,1749,2600
"sz",1,20141010,95857,10.14,11,201192,198,"B",10.14,10.13,10.12,10.11,10.1,10.15,10.16,10.17,10.18,10.19,184,11838,9225,10099,15336,2104,896,1749,2600,1147
"sz",1,20141010,95900,10.14,3,76048,75,"S",10.14,10.13,10.12,10.11,10.1,10.15,10.16,10.17,10.18,10.19,187,12046,9345,10099,15344,2109,896,1749,2600,1147
"sz",1,20141010,95903,10.14,3,57800,57,"S",10.14,10.13,10.12,10.11,10.1,10.15,10.16,10.17,10.18,10.19,366,12040,9345,10099,15332,2128,896,1764,2600,1147
"sz",1,20141010,95905,10.14,3,60840,60,"S",10.14,10.13,10.12,10.11,10.1,10.15,10.16,10.17,10.18,10.19,738,12071,9350,10099,15332,2128,896,1764,2600,1147
"sz",1,20141010,95909,10.14,19,331048,326,"S",10.14,10.13,10.12,10.11,10.1,10.15,10.16,10.17,10.18,10.19,498,12163,9350,10099,15332,2095,895,1764,2600,1147
"sz",1,20141010,95912,10.14,8,225544,223,"S",10.14,10.13,10.12,10.11,10.1,10.15,10.16,10.17,10.18,10.19,539,12171,9350,10069,15332,2158,889,1764,2600,1161
"sz",1,20141010,95915,10.15,1,2032,2,"B",10.14,10.13,10.12,10.11,10.1,10.15,10.16,10.17,10.18,10.19,607,12441,9352,10069,15332,2156,936,1764,2459,1147
"sz",1,20141010,95918,10.14,4,94312,93,"S",10.14,10.13,10.12,10.11,10.1,10.15,10.16,10.17,10.18,10.19,547,12419,9352,10069,15332,2160,936,1764,2459,1147
"sz",1,20141010,95921,10.14,7,18416,18,"S",10.14,10.13,10.12,10.11,10.1,10.15,10.16,10.17,10.18,10.19,605,12439,9352,10041,15332,2147,936,1764,2459,1147
"sz",1,20141010,95924,10.14,18,431456,426,"S",10.14,10.13,10.12,10.11,10.1,10.15,10.16,10.17,10.18,10.19,428,12439,9362,10241,15332,2134,936,1764,2459,1147
"sz",1,20141010,95927,10.14,23,1017488,1004,"S",10.14,10.13,10.12,10.11,10.1,10.15,10.16,10.17,10.18,10.19,38,12036,9363,10241,15332,2063,936,1764,2459,1147
"sz",1,20141010,95930,10.14,1,1008,1,"S",10.14,10.13,10.12,10.11,10.1,10.15,10.16,10.17,10.18,10.19,70,12066,9363,10241,15332,1763,936,1764,2459,1147
"sz",1,20141010,95933,10.14,11,216136,213,"S",10.14,10.13,10.12,10.11,10.1,10.15,10.16,10.17,10.18,10.19,141,12076,9313,10241,15332,1900,939,1764,2459,1147
"sz",1,20141010,95936,10.14,5,43608,43,"S",10.14,10.13,10.12,10.11,10.1,10.15,10.16,10.17,10.18,10.19,152,12081,9313,10242,15332,1900,939,1764,2459,1147
"sz",1,20141010,95939,10.14,1,60832,60,"S",10.14,10.13,10.12,10.11,10.1,10.15,10.16,10.17,10.18,10.19,192,12081,9313,10242,15342,1910,939,1764,2459,1147
"sz",1,20141010,95942,10.14,4,25352,25,"S",10.14,10.13,10.12,10.11,10.1,10.15,10.16,10.17,10.18,10.19,694,12107,9313,10242,15342,1897,939,1764,2459,1147
"sz",1,20141010,95945,10.14,15,258600,255,"S",10.14,10.13,10.12,10.11,10.1,10.15,10.16,10.17,10.18,10.19,529,12109,9313,10018,15402,1869,928,1764,2459,1147
"sz",1,20141010,95948,10.14,15,775712,765,"S",10.13,10.12,10.11,10.1,10.09,10.14,10.15,10.16,10.17,10.18,11919,9313,10018,15402,2110,2309,1873,928,1764,2459
"sz",1,20141010,95951,10.14,5,47656,47,"B",10.13,10.12,10.11,10.1,10.09,10.14,10.15,10.16,10.17,10.18,11991,9313,10018,15412,2110,2276,1873,928,1764,2459
"sz",1,20141010,95954,10.14,4,48672,48,"B",10.13,10.12,10.11,10.1,10.09,10.14,10.15,10.16,10.17,10.18,11996,9313,10018,15428,2110,2528,1588,928,1764,2459
"sz",1,20141010,95956,10.13,2,12848,12,"S",10.13,10.12,10.11,10.1,10.09,10.14,10.15,10.16,10.17,10.18,11989,9313,10078,14638,2110,2523,1588,928,1764,2459
"sz",1,20141010,1e+05,10.14,7,87200,86,"B",10.13,10.12,10.11,10.1,10.09,10.14,10.15,10.16,10.17,10.18,11988,9316,10078,14628,2110,8664,1588,928,1764,2459
"sz",1,20141010,100003,10.14,1,45632,45,"B",10.13,10.12,10.11,10.1,10.09,10.14,10.15,10.16,10.17,10.18,12033,9316,10078,14406,2110,9365,1588,928,1764,2459
"sz",1,20141010,100006,10.14,5,26360,26,"B",10.13,10.12,10.11,10.1,10.09,10.14,10.15,10.16,10.17,10.18,12072,9316,10078,14416,2110,9347,1589,928,1764,2459
"sz",1,20141010,100009,10.14,8,682400,673,"B",10.13,10.12,10.11,10.1,10.09,10.14,10.15,10.16,10.17,10.18,12053,9316,10178,14454,2110,8795,1524,928,1764,2459
"sz",1,20141010,100012,10.14,1,10144,10,"B",10.13,10.12,10.11,10.1,10.09,10.14,10.15,10.16,10.17,10.18,13273,9372,10178,14758,2110,8785,1528,928,1764,2459
"sz",1,20141010,100015,10.13,4,154112,152,"S",10.13,10.12,10.11,10.1,10.09,10.14,10.15,10.16,10.17,10.18,13305,9377,10178,14762,2110,8643,1528,928,1749,2459
"sz",1,20141010,100018,10.14,3,638824,630,"B",10.13,10.12,10.11,10.1,10.09,10.14,10.15,10.16,10.17,10.18,13440,9387,10178,14782,2110,8013,1528,928,1749,2459
"sz",1,20141010,100021,10.13,4,20096,20,"S",10.13,10.12,10.11,10.1,10.09,10.14,10.15,10.16,10.17,10.18,13452,9387,10190,14782,2110,8005,1531,1688,1749,2459
"sz",1,20141010,100024,10.13,1,42072,42,"S",10.13,10.12,10.11,10.1,10.09,10.14,10.15,10.16,10.17,10.18,13423,9412,10190,14782,2110,8005,1531,1688,1749,2459
"sz",1,20141010,100027,10.14,3,73008,72,"B",10.13,10.12,10.11,10.1,10.09,10.14,10.15,10.16,10.17,10.18,13435,9412,10062,14772,2110,7934,1531,1688,1749,2459
"sz",1,20141010,100030,10.13,4,151960,150,"S",10.13,10.12,10.11,10.1,10.09,10.14,10.15,10.16,10.17,10.18,13275,9421,10072,14762,2333,7919,1531,1688,1749,2459
"sz",1,20141010,100033,10.14,3,44040,43,"B",10.13,10.12,10.11,10.1,10.09,10.14,10.15,10.16,10.17,10.18,14716,9421,10072,14762,2336,7899,1531,1688,1749,2459
"sz",1,20141010,100035,10.13,1,61792,61,"S",10.13,10.12,10.11,10.1,10.09,10.14,10.15,10.16,10.17,10.18,14683,9636,10072,14762,2356,7939,1531,1799,1749,2459
"sz",1,20141010,100039,10.14,3,14192,14,"B",10.13,10.12,10.11,10.1,10.09,10.14,10.15,10.16,10.17,10.18,14726,9641,10072,14772,2356,7922,1531,1799,1749,2459
"sz",1,20141010,100042,10.14,5,45304,45,"B",10.13,10.12,10.11,10.1,10.09,10.14,10.15,10.16,10.17,10.18,14721,9671,10072,14772,2356,7927,1531,1799,1749,2459
"sz",1,20141010,100045,10.14,8,385168,380,"B",10.13,10.12,10.11,10.1,10.09,10.14,10.15,10.16,10.17,10.18,14583,9671,10082,14774,2356,7695,1531,1799,1749,2459
"sz",1,20141010,100048,10.14,7,51472,50,"B",10.13,10.12,10.11,10.1,10.09,10.14,10.15,10.16,10.17,10.18,14546,9811,10082,14769,2356,7681,1521,1806,1749,2459
"sz",1,20141010,100051,10.14,8,162240,160,"B",10.13,10.12,10.11,10.1,10.09,10.14,10.15,10.16,10.17,10.18,14591,9831,10082,14799,2366,7561,1513,1806,1749,2459
"sz",1,20141010,100054,10.14,7,49688,49,"B",10.13,10.12,10.11,10.1,10.09,10.14,10.15,10.16,10.17,10.18,14672,9851,10072,14799,2366,7513,1524,1791,1749,2459
"sz",1,20141010,100057,10.14,4,62864,62,"B",10.13,10.12,10.11,10.1,10.09,10.14,10.15,10.16,10.17,10.18,14732,9985,10077,14808,2476,7452,1524,1791,1749,2459
"sz",1,20141010,100059,10.14,5,179480,177,"B",10.13,10.12,10.11,10.1,10.09,10.14,10.15,10.16,10.17,10.18,14778,10046,10077,14837,2476,7277,1524,1791,1749,2459
"sz",1,20141010,100103,10.14,4,1077848,1064,"B",10.13,10.12,10.11,10.1,10.09,10.14,10.15,10.16,10.17,10.18,14253,10046,10080,14843,2476,7261,1539,1791,1749,2459
"sz",1,20141010,100106,10.14,5,26368,26,"B",10.13,10.12,10.11,10.1,10.09,10.14,10.15,10.16,10.17,10.18,14305,10046,10090,14843,2476,7237,1539,1791,1749,2459
"sz",1,20141010,100109,10.13,10,323440,319,"S",10.13,10.12,10.11,10.1,10.09,10.14,10.15,10.16,10.17,10.18,14382,10051,10094,14843,2476,6940,1539,1791,1749,2459
"sz",1,20141010,100112,10.13,14,408496,403,"S",10.13,10.12,10.11,10.1,10.09,10.14,10.15,10.16,10.17,10.18,14324,10061,10090,14843,2476,6685,1547,1791,1749,2459
"sz",1,20141010,100114,10.14,4,179472,177,"B",10.13,10.12,10.11,10.1,10.09,10.14,10.15,10.16,10.17,10.18,14244,10061,10090,14843,2476,6508,1547,1791,1749,2459
"sz",1,20141010,100118,10.13,11,128672,127,"S",10.13,10.12,10.11,10.1,10.09,10.14,10.15,10.16,10.17,10.18,14168,10161,10090,14843,2486,6522,1538,1791,1749,2459
"sz",1,20141010,100121,10.14,19,315360,312,"B",10.13,10.12,10.11,10.1,10.09,10.14,10.15,10.16,10.17,10.18,14234,10161,10090,14143,2486,6370,1524,1791,1749,2459
"sz",1,20141010,100124,10.14,6,79088,78,"B",10.13,10.12,10.11,10.1,10.09,10.14,10.15,10.16,10.17,10.18,14364,10171,10092,14143,2486,6492,1557,1791,1749,2459
"sz",1,20141010,100127,10.13,9,129664,128,"S",10.13,10.12,10.11,10.1,10.09,10.14,10.15,10.16,10.17,10.18,14295,10171,10072,14143,2486,6501,1557,1791,1749,2459
"sz",1,20141010,100130,10.14,9,581888,574,"B",10.13,10.12,10.11,10.1,10.09,10.14,10.15,10.16,10.17,10.18,14310,10191,10061,14646,2486,6074,1557,1791,1749,2459
"sz",1,20141010,100133,10.14,12,77040,76,"B",10.13,10.12,10.11,10.1,10.09,10.14,10.15,10.16,10.17,10.18,14475,10243,10131,14646,2486,6001,1559,1791,1749,2459
"sz",1,20141010,100136,10.14,5,91232,90,"B",10.13,10.12,10.11,10.1,10.09,10.14,10.15,10.16,10.17,10.18,14455,10243,10131,14646,2486,5941,1559,1791,1749,2478
"sz",1,20141010,100139,10.14,7,710816,701,"B",10.13,10.12,10.11,10.1,10.09,10.14,10.15,10.16,10.17,10.18,14596,10323,10146,14666,2486,5242,1559,1791,1749,2478
"sz",1,20141010,100142,10.14,10,875040,863,"B",10.13,10.12,10.11,10.1,10.09,10.14,10.15,10.16,10.17,10.18,14619,10320,10146,14671,2486,4443,1559,1791,1749,2478
"sz",1,20141010,100145,10.13,16,1040304,1026,"S",10.13,10.12,10.11,10.1,10.09,10.14,10.15,10.16,10.17,10.18,14591,10720,10099,14671,2486,3473,1559,1751,1749,2459
"sz",1,20141010,100148,10.14,10,652000,643,"B",10.13,10.12,10.11,10.1,10.09,10.14,10.15,10.16,10.17,10.18,14664,10720,10099,14671,2486,2849,1559,1761,1749,2459
"sz",1,20141010,100151,10.14,14,702576,693,"B",10.13,10.12,10.11,10.1,10.09,10.14,10.15,10.16,10.17,10.18,16023,10720,10207,14684,2486,2475,1559,1761,1749,2459
"sz",1,20141010,100154,10.14,30,1686096,1663,"B",10.13,10.12,10.11,10.1,10.09,10.14,10.15,10.16,10.17,10.18,15883,10720,10207,14756,2486,1677,1559,1761,1749,2459
"sz",1,20141010,100157,10.14,17,539696,532,"B",10.13,10.12,10.11,10.1,10.09,10.14,10.15,10.16,10.17,10.18,15762,10730,10207,14750,2486,1297,1539,1761,1749,2459
"sz",1,20141010,100200,10.14,18,276816,273,"B",10.13,10.12,10.11,10.1,10.09,10.14,10.15,10.16,10.17,10.18,15789,10730,10207,14750,2501,1045,1533,1761,1749,2459
"sz",1,20141010,100203,10.14,26,850656,839,"B",10.13,10.12,10.11,10.1,10.09,10.14,10.15,10.16,10.17,10.18,15817,10730,10190,14770,2501,306,1533,1761,1749,2459
"sz",1,20141010,100206,10.13,14,167728,165,"S",10.14,10.13,10.12,10.11,10.1,10.15,10.16,10.17,10.18,10.19,111,15801,10710,10194,14755,1525,1761,1749,2459,1079
"sz",1,20141010,100209,10.14,3,93280,92,"S",10.14,10.13,10.12,10.11,10.1,10.15,10.16,10.17,10.18,10.19,561,15926,10713,10214,14784,1555,1761,1749,2459,1079
"sz",1,20141010,100212,10.14,4,75040,74,"S",10.14,10.13,10.12,10.11,10.1,10.15,10.16,10.17,10.18,10.19,479,15926,10813,10214,14787,1540,1761,1749,2459,1079
"sz",1,20141010,100215,10.15,3,18768,19,"B",10.14,10.13,10.12,10.11,10.1,10.15,10.16,10.17,10.18,10.19,649,15957,10813,10257,14806,1539,1754,1749,2459,1079
"sz",1,20141010,100218,10.14,16,243360,240,"S",10.14,10.13,10.12,10.11,10.1,10.15,10.16,10.17,10.18,10.19,944,15953,10812,10257,14806,1539,1754,1749,2459,1079
"sz",1,20141010,100221,10.14,5,102576,101,"S",10.14,10.13,10.12,10.11,10.1,10.15,10.16,10.17,10.18,10.19,1049,16003,10812,10257,14806,1539,1754,1749,2459,1079
"sz",1,20141010,100224,10.15,2,11152,11,"B",10.14,10.13,10.12,10.11,10.1,10.15,10.16,10.17,10.18,10.19,1488,16010,10812,10267,14802,1529,1754,1749,2459,1079
"sz",1,20141010,100227,10.14,6,218064,215,"S",10.14,10.13,10.12,10.11,10.1,10.15,10.16,10.17,10.18,10.19,1429,16069,10812,10262,14792,1787,1754,1749,2459,1079
"sz",1,20141010,100233,10.14,7,35504,35,"S",10.14,10.13,10.12,10.11,10.1,10.15,10.16,10.17,10.18,10.19,2501,16224,10838,10318,14809,1808,1754,1764,2459,1079
"sz",1,20141010,100239,10.14,6,8112,8,"S",10.14,10.13,10.12,10.11,10.1,10.15,10.16,10.17,10.18,10.19,2885,15087,10822,10321,14809,1884,1764,1764,2459,1079
"sz",1,20141010,100245,10.14,3,23344,23,"S",10.14,10.13,10.12,10.11,10.1,10.15,10.16,10.17,10.18,10.19,11330,15119,9948,10321,14909,1862,1764,1764,2459,1079
"sz",1,20141010,100248,10.14,6,32448,32,"S",10.14,10.13,10.12,10.11,10.1,10.15,10.16,10.17,10.18,10.19,11421,15042,9848,10321,14924,1862,1734,1764,2459,1109
"sz",1,20141010,100251,10.14,13,237280,234,"S",10.14,10.13,10.12,10.11,10.1,10.15,10.16,10.17,10.18,10.19,11526,15058,9863,10153,14924,1966,1778,1764,2459,1109
"sz",1,20141010,100254,10.14,1,2016,2,"S",10.14,10.13,10.12,10.11,10.1,10.15,10.16,10.17,10.18,10.19,12420,15146,9883,9888,14929,1966,1778,1764,2459,1109
"sz",1,20141010,100257,10.15,9,370128,365,"B",10.14,10.13,10.12,10.11,10.1,10.15,10.16,10.17,10.18,10.19,12251,15147,9988,9888,14929,1808,1778,1764,2459,1109
"sz",1,20141010,100300,10.14,1,5072,5,"S",10.14,10.13,10.12,10.11,10.1,10.15,10.16,10.17,10.18,10.19,12312,15986,10211,9719,14931,1808,1778,1764,2489,1109
"sz",1,20141010,100303,10.15,8,88288,87,"B",10.14,10.13,10.12,10.11,10.1,10.15,10.16,10.17,10.18,10.19,12317,16043,10211,9719,14931,1519,1778,1764,2489,1109
"sz",1,20141010,100306,10.15,1,11168,11,"B",10.14,10.13,10.12,10.11,10.1,10.15,10.16,10.17,10.18,10.19,12393,16073,10211,9724,14941,1509,1778,1764,2489,1109
"sz",1,20141010,100309,10.14,2,14208,14,"S",10.14,10.13,10.12,10.11,10.1,10.15,10.16,10.17,10.18,10.19,12548,15673,10211,9719,14941,1500,1778,1764,2489,1109
"sz",1,20141010,100312,10.14,5,36544,36,"S",10.14,10.13,10.12,10.11,10.1,10.15,10.16,10.17,10.18,10.19,12584,15691,10191,9719,14966,1473,1732,1764,2489,1109
"sz",1,20141010,100315,10.14,9,258800,255,"S",10.14,10.13,10.12,10.11,10.1,10.15,10.16,10.17,10.18,10.19,12647,15631,10191,9719,14966,1249,1732,1764,2489,1109
"sz",1,20141010,100318,10.15,7,35520,35,"B",10.14,10.13,10.12,10.11,10.1,10.15,10.16,10.17,10.18,10.19,12676,15643,10191,9839,14956,1719,1905,1764,2489,1109
"sz",1,20141010,100321,10.15,7,169440,167,"B",10.14,10.13,10.12,10.11,10.1,10.15,10.16,10.17,10.18,10.19,12929,15653,10211,9839,14986,1604,1905,1764,2489,1109
"sz",1,20141010,100324,10.14,50,1365072,1345,"S",10.14,10.13,10.12,10.11,10.1,10.15,10.16,10.17,10.18,10.19,12697,15648,10211,9839,14986,551,1905,1764,2489,1109
"sz",1,20141010,100327,10.15,14,503280,496,"B",10.14,10.13,10.12,10.11,10.1,10.15,10.16,10.17,10.18,10.19,13189,15688,10211,9839,14986,220,1905,1764,2489,1109
