"market","ticker","date","time","trade_price","number_of_trades","trade_money","trade_volume","direction","buy1_price","buy2_price","buy3_price","buy4_price","buy5_price","sell1_price","sell2_price","sell3_price","sell4_price","sell5_price","buy1_quantity","buy2_quantity","buy3_quantity","buy4_quantity","buy5_quantity","sell1_quantity","sell2_quantity","sell3_quantity","sell4_quantity","sell5_quantity"
"sz",1,20141017,92500,10.2,214,5485560,5378,"B",10.19,10.18,10.17,10.16,10.15,10.2,10.21,10.22,10.23,10.24,81,1798,189,1170,1135,4104,2792,327,414,1642
"sz",1,20141017,93000,10.2,31,789849,775,"B",10.18,10.17,10.16,10.15,10.14,10.2,10.21,10.22,10.23,10.24,1671,199,1229,1150,921,3848,2742,326,414,1642
"sz",1,20141017,93004,10.19,127,6413346,6290,"S",10.19,10.18,10.17,10.16,10.15,10.2,10.21,10.22,10.23,10.24,355,918,1449,1510,1503,890,2734,609,3524,1764
"sz",1,20141017,93007,10.2,1,23460,23,"B",10.19,10.18,10.17,10.16,10.15,10.2,10.21,10.22,10.23,10.24,355,918,1469,1510,1503,867,2734,609,3524,1764
"sz",1,20141017,93010,10.2,7,167280,164,"B",10.19,10.18,10.17,10.16,10.15,10.2,10.21,10.22,10.23,10.24,355,918,1469,1510,1503,753,2734,638,3524,1814
"sz",1,20141017,93013,10.2,10,239700,235,"B",10.19,10.18,10.17,10.16,10.15,10.2,10.21,10.22,10.23,10.24,355,918,1534,1510,1503,518,2734,638,3524,1814
"sz",1,20141017,93016,10.2,9,221219,217,"B",10.19,10.18,10.17,10.16,10.15,10.2,10.21,10.22,10.23,10.24,236,1128,1534,1548,1503,422,2733,638,3524,1814
"sz",1,20141017,93018,10.2,7,248762,244,"B",10.19,10.18,10.17,10.16,10.15,10.2,10.21,10.22,10.23,10.24,118,1128,1534,1548,1503,296,2733,638,3524,1814
"sz",1,20141017,93021,10.2,6,139740,137,"B",10.19,10.18,10.17,10.16,10.15,10.2,10.21,10.22,10.23,10.24,118,1128,1534,1568,1503,170,2726,638,3524,1814
"sz",1,20141017,93025,10.2,7,38760,38,"B",10.19,10.18,10.17,10.16,10.15,10.2,10.21,10.22,10.23,10.24,118,1128,1534,1568,1503,132,2726,638,3524,1814
"sz",1,20141017,93027,10.21,13,310252,304,"B",10.2,10.19,10.18,10.17,10.16,10.21,10.22,10.23,10.24,10.25,109,118,1128,1534,1568,2554,638,3524,1814,755
"sz",1,20141017,93031,10.2,1,10200,10,"S",10.2,10.19,10.18,10.17,10.16,10.21,10.22,10.23,10.24,10.25,109,138,1128,1534,1568,2554,638,3524,1814,755
"sz",1,20141017,93033,10.2,5,149907,147,"S",10.19,10.18,10.17,10.16,10.15,10.2,10.21,10.22,10.23,10.24,105,1128,1534,1668,1509,186,2554,638,3524,1814
"sz",1,20141017,93036,10.2,2,220320,216,"B",10.2,10.19,10.18,10.17,10.16,10.21,10.22,10.23,10.24,10.25,268,115,1138,1534,1678,2554,633,3524,1814,755
"sz",1,20141017,93040,10.21,11,329631,323,"B",10.2,10.19,10.18,10.17,10.16,10.21,10.22,10.23,10.24,10.25,294,115,1138,1534,1678,2383,633,3524,1814,755
"sz",1,20141017,93042,10.21,8,245040,240,"B",10.2,10.19,10.18,10.17,10.16,10.21,10.22,10.23,10.24,10.25,314,125,1153,1534,1678,2143,633,4085,1814,755
"sz",1,20141017,93045,10.21,6,135773,133,"B",10.2,10.19,10.18,10.17,10.16,10.21,10.22,10.23,10.24,10.25,301,165,1153,1534,2688,2030,583,4085,1814,755
"sz",1,20141017,93049,10.21,11,355172,348,"B",10.2,10.19,10.18,10.17,10.16,10.21,10.22,10.23,10.24,10.25,385,185,1163,1534,2654,1818,583,4085,1814,755
"sz",1,20141017,93051,10.21,19,753989,739,"B",10.19,10.18,10.17,10.16,10.15,10.2,10.21,10.22,10.23,10.24,200,1163,1534,2654,1514,200,1609,583,4085,1814
"sz",1,20141017,93054,10.2,4,108120,106,"B",10.19,10.18,10.17,10.16,10.15,10.2,10.21,10.22,10.23,10.24,200,1169,1534,2654,1510,125,1609,588,4085,1814
"sz",1,20141017,93056,10.21,5,237768,233,"B",10.19,10.18,10.17,10.16,10.15,10.2,10.21,10.22,10.23,10.24,280,1179,1534,2654,1510,20,1501,588,4085,1814
"sz",1,20141017,93100,10.21,7,77526,76,"B",10.19,10.18,10.17,10.16,10.15,10.21,10.22,10.23,10.24,10.25,1754,2179,1534,2654,1510,1496,588,4085,1814,755
"sz",1,20141017,93103,10.21,4,246062,241,"B",10.2,10.19,10.18,10.17,10.16,10.21,10.22,10.23,10.24,10.25,47,2788,2179,1539,2654,1255,588,4085,1814,785
"sz",1,20141017,93106,10.21,4,60224,59,"B",10.2,10.19,10.18,10.17,10.16,10.21,10.22,10.23,10.24,10.25,152,3108,2179,1539,2654,1217,588,4085,1814,785
"sz",1,20141017,93109,10.21,3,62276,61,"B",10.2,10.19,10.18,10.17,10.16,10.21,10.22,10.23,10.24,10.25,168,3265,2184,1539,2658,1194,588,4085,1814,785
"sz",1,20141017,93112,10.21,4,113330,111,"B",10.2,10.19,10.18,10.17,10.16,10.21,10.22,10.23,10.24,10.25,178,3375,2184,1539,2658,1083,608,4085,1814,775
"sz",1,20141017,93116,10.21,6,114718,113,"B",10.2,10.19,10.18,10.17,10.16,10.21,10.22,10.23,10.24,10.25,147,3498,2189,1539,2658,1013,3360,4085,1814,775
"sz",1,20141017,93118,10.21,16,427130,418,"B",10.19,10.18,10.17,10.16,10.15,10.21,10.22,10.23,10.24,10.25,3498,2189,1539,2628,1510,903,3397,4085,1814,775
"sz",1,20141017,93122,10.19,2,30576,30,"S",10.2,10.19,10.18,10.17,10.16,10.21,10.22,10.23,10.24,10.25,275,3514,2263,1549,2628,903,3447,4085,1814,775
"sz",1,20141017,93125,10.21,8,401230,393,"B",10.2,10.19,10.18,10.17,10.16,10.21,10.22,10.23,10.24,10.25,305,3514,2247,1618,2608,542,3447,4085,1814,775
"sz",1,20141017,93127,10.21,15,599592,587,"B",10.21,10.2,10.19,10.18,10.17,10.22,10.23,10.24,10.25,10.26,516,336,3544,2247,1618,3457,4085,1814,775,717
"sz",1,20141017,93130,10.21,5,91928,90,"S",10.21,10.2,10.19,10.18,10.17,10.22,10.23,10.24,10.25,10.26,469,349,3544,2257,1623,3429,4085,1814,775,717
"sz",1,20141017,93134,10.21,2,51346,51,"S",10.21,10.2,10.19,10.18,10.17,10.22,10.23,10.24,10.25,10.26,441,449,3544,2257,1623,3429,4085,1814,765,717
"sz",1,20141017,93140,10.2,9,628362,615,"S",10.2,10.19,10.18,10.17,10.16,10.21,10.22,10.23,10.24,10.25,744,3559,2278,1623,2608,3,3549,4085,1814,765
"sz",1,20141017,93142,10.2,23,832436,816,"S",10.19,10.18,10.17,10.16,10.15,10.2,10.22,10.23,10.24,10.25,3559,2302,1623,2608,1429,239,3503,4085,1814,765
"sz",1,20141017,93146,10.21,7,354970,348,"B",10.2,10.19,10.18,10.17,10.16,10.21,10.22,10.23,10.24,10.25,644,3479,2287,1635,2608,11,3503,4085,1814,765
"sz",1,20141017,93148,10.21,6,1179546,1156,"B",10.2,10.19,10.18,10.17,10.16,10.21,10.22,10.23,10.24,10.25,658,3499,2287,1635,2608,974,3503,4085,1814,765
"sz",1,20141017,93152,10.21,4,192408,188,"B",10.2,10.19,10.18,10.17,10.16,10.21,10.22,10.23,10.24,10.25,671,3501,2287,1635,2608,794,3503,4085,1814,965
"sz",1,20141017,93155,10.21,1,1022,1,"B",10.2,10.19,10.18,10.17,10.16,10.21,10.22,10.23,10.24,10.25,842,3899,2287,1622,2608,968,3503,4085,1814,965
"sz",1,20141017,93158,10.21,6,876480,859,"B",10.2,10.19,10.18,10.17,10.16,10.21,10.22,10.23,10.24,10.25,582,3909,2387,1622,2608,668,3503,4085,1814,1130
"sz",1,20141017,93201,10.21,16,606074,594,"B",10.2,10.19,10.18,10.17,10.16,10.21,10.22,10.23,10.24,10.25,249,3923,2387,1622,2608,494,3503,4085,1814,1130
"sz",1,20141017,93203,10.21,4,49008,48,"B",10.2,10.19,10.18,10.17,10.16,10.21,10.22,10.23,10.24,10.25,299,4071,2385,1622,2700,446,3503,4074,1814,1130
"sz",1,20141017,93206,10.2,12,399840,392,"S",10.2,10.19,10.18,10.17,10.16,10.21,10.22,10.23,10.24,10.25,41,4171,2341,1622,2700,471,3523,4074,1814,1130
"sz",1,20141017,93213,10.21,3,33692,33,"B",10.2,10.19,10.18,10.17,10.16,10.21,10.22,10.23,10.24,10.25,324,4236,2341,1573,2700,921,3692,4074,1814,1130
"sz",1,20141017,93215,10.21,1,164382,161,"B",10.2,10.19,10.18,10.17,10.16,10.21,10.22,10.23,10.24,10.25,352,4336,2341,1598,2700,788,3692,4079,1814,1160
"sz",1,20141017,93218,10.21,9,102054,100,"B",10.2,10.19,10.18,10.17,10.16,10.21,10.22,10.23,10.24,10.25,555,4336,2341,1598,2690,744,3692,4079,1814,1160
"sz",1,20141017,93222,10.2,2,59160,58,"S",10.2,10.19,10.18,10.17,10.16,10.21,10.22,10.23,10.24,10.25,644,4351,2341,1598,2700,835,3692,4079,1814,1160
"sz",1,20141017,93225,10.21,3,34714,34,"B",10.2,10.19,10.18,10.17,10.16,10.21,10.22,10.23,10.24,10.25,659,4451,2341,1598,2700,841,3694,4079,1814,1127
"sz",1,20141017,93227,10.2,4,122510,120,"S",10.2,10.19,10.18,10.17,10.16,10.21,10.22,10.23,10.24,10.25,826,4456,2341,1598,2725,741,3704,4079,1814,1127
"sz",1,20141017,93230,10.2,30,369324,362,"S",10.2,10.19,10.18,10.17,10.16,10.21,10.22,10.23,10.24,10.25,1123,4476,2341,1598,2725,718,3704,4079,1814,1127
"sz",1,20141017,93233,10.21,3,75504,74,"B",10.2,10.19,10.18,10.17,10.16,10.21,10.22,10.23,10.24,10.25,1129,4488,2361,1598,2725,744,3694,4079,1814,1127
"sz",1,20141017,93236,10.21,5,63284,62,"B",10.2,10.19,10.18,10.17,10.16,10.21,10.22,10.23,10.24,10.25,1292,4488,2361,1598,2725,709,3704,4079,1814,1127
"sz",1,20141017,93240,10.2,3,36724,36,"S",10.2,10.19,10.18,10.17,10.16,10.21,10.22,10.23,10.24,10.25,1292,4658,2361,1598,2725,1074,3704,4079,1814,1127
"sz",1,20141017,93243,10.21,5,207260,203,"B",10.2,10.19,10.18,10.17,10.16,10.21,10.22,10.23,10.24,10.25,1342,4658,2361,1651,2725,894,3704,4079,1814,1127
"sz",1,20141017,93246,10.21,5,54104,53,"B",10.2,10.19,10.18,10.17,10.16,10.21,10.22,10.23,10.24,10.25,1359,4658,2371,1651,2725,1562,3704,4079,1814,1127
"sz",1,20141017,93249,10.2,6,76864,75,"S",10.2,10.19,10.18,10.17,10.16,10.21,10.22,10.23,10.24,10.25,1468,4653,2371,1651,2725,1513,3704,4079,1814,1127
"sz",1,20141017,93251,10.21,2,17342,17,"B",10.2,10.19,10.18,10.17,10.16,10.21,10.22,10.23,10.24,10.25,1461,4643,2371,1651,2725,2515,3704,4079,1814,1127
"sz",1,20141017,93254,10.2,1,2040,2,"S",10.2,10.19,10.18,10.17,10.16,10.21,10.22,10.23,10.24,10.25,1459,4613,2371,1651,2725,2508,3708,4079,1824,1127
"sz",1,20141017,93258,10.21,42,1531128,1500,"B",10.2,10.19,10.18,10.17,10.16,10.21,10.22,10.23,10.24,10.25,1311,4643,2371,1642,2725,1380,3708,4079,1824,1127
"sz",1,20141017,93300,10.2,4,30620,30,"S",10.2,10.19,10.18,10.17,10.16,10.21,10.22,10.23,10.24,10.25,1338,4563,2371,1632,2725,1360,3708,4079,1824,1127
"sz",1,20141017,93304,10.2,9,528766,518,"S",10.2,10.19,10.18,10.17,10.16,10.21,10.22,10.23,10.24,10.25,1161,4563,2371,1632,2725,1019,3708,4079,1824,1127
"sz",1,20141017,93307,10.21,2,111288,109,"B",10.2,10.19,10.18,10.17,10.16,10.21,10.22,10.23,10.24,10.25,1243,4558,2361,1632,2725,913,3708,4079,1824,1127
"sz",1,20141017,93310,10.21,3,316210,310,"B",10.2,10.19,10.18,10.17,10.16,10.21,10.22,10.23,10.24,10.25,1167,4708,2359,1632,2725,910,3678,4079,1824,1127
"sz",1,20141017,93312,10.2,8,250588,246,"S",10.2,10.19,10.18,10.17,10.16,10.21,10.22,10.23,10.24,10.25,926,4608,2359,1632,2725,1035,3678,4079,1824,1127
"sz",1,20141017,93315,10.2,6,127562,125,"S",10.2,10.19,10.18,10.17,10.16,10.21,10.22,10.23,10.24,10.25,1474,4608,2359,1632,2725,977,3678,4079,1824,1127
"sz",1,20141017,93318,10.2,3,92908,91,"S",10.2,10.19,10.18,10.17,10.16,10.21,10.22,10.23,10.24,10.25,1493,4638,2649,1684,2725,897,3678,4079,1824,1127
"sz",1,20141017,93322,10.21,16,896440,878,"B",10.2,10.19,10.18,10.17,10.16,10.21,10.22,10.23,10.24,10.25,1513,4638,2649,1684,2725,408,3678,4079,1824,1127
"sz",1,20141017,93324,10.21,25,320304,314,"B",10.2,10.19,10.18,10.17,10.16,10.21,10.22,10.23,10.24,10.25,1324,4638,2649,1694,2725,583,3678,4079,1824,1132
"sz",1,20141017,93327,10.21,6,163210,160,"B",10.2,10.19,10.18,10.17,10.16,10.21,10.22,10.23,10.24,10.25,1174,4643,2649,1694,2725,573,3678,4079,1824,1132
"sz",1,20141017,93331,10.21,3,26546,26,"B",10.2,10.19,10.18,10.17,10.16,10.21,10.22,10.23,10.24,10.25,1234,4643,2699,1694,2725,582,3678,4029,1824,1132
"sz",1,20141017,93336,10.2,1,5100,5,"S",10.2,10.19,10.18,10.17,10.16,10.21,10.22,10.23,10.24,10.25,1357,4643,2499,1694,2755,990,3678,4029,1824,1132
"sz",1,20141017,93339,10.21,7,204120,200,"B",10.2,10.19,10.18,10.17,10.16,10.21,10.22,10.23,10.24,10.25,1422,4643,2499,1694,2755,871,3678,4029,1824,1132
"sz",1,20141017,93342,10.21,4,111290,109,"B",10.2,10.19,10.18,10.17,10.16,10.21,10.22,10.23,10.24,10.25,1522,4592,2509,1724,2755,814,3678,4029,1824,1132
"sz",1,20141017,93345,10.21,3,13262,13,"B",10.2,10.19,10.18,10.17,10.16,10.21,10.22,10.23,10.24,10.25,1552,4592,2511,1724,2755,940,3678,4029,1824,1132
"sz",1,20141017,93349,10.2,9,138572,136,"S",10.2,10.19,10.18,10.17,10.16,10.21,10.22,10.23,10.24,10.25,1524,4592,2511,1724,2755,884,3686,4029,1824,1132
"sz",1,20141017,93351,10.21,3,37772,37,"B",10.2,10.19,10.18,10.17,10.16,10.21,10.22,10.23,10.24,10.25,1523,4592,2513,1724,2755,854,3686,4029,1824,1127
"sz",1,20141017,93354,10.21,3,57176,56,"B",10.2,10.19,10.18,10.17,10.16,10.21,10.22,10.23,10.24,10.25,1628,4592,2493,1724,2755,818,3686,4029,1824,1127
"sz",1,20141017,93357,10.21,6,173716,170,"B",10.2,10.19,10.18,10.17,10.16,10.21,10.22,10.23,10.24,10.25,1551,4592,2493,1724,2755,924,3686,4029,1824,1137
"sz",1,20141017,93401,10.2,6,107104,105,"S",10.2,10.19,10.18,10.17,10.16,10.21,10.22,10.23,10.24,10.25,1513,4592,2493,1724,2755,970,3851,4029,1824,1137
"sz",1,20141017,93402,10.2,3,17636,17,"S",10.2,10.19,10.18,10.17,10.16,10.21,10.22,10.23,10.24,10.25,1515,4582,2497,1724,2755,989,3851,4029,1824,1137
"sz",1,20141017,93407,10.21,8,205220,201,"B",10.2,10.19,10.18,10.17,10.16,10.21,10.22,10.23,10.24,10.25,1567,4622,2497,1744,2755,860,3851,4029,1824,1137
"sz",1,20141017,93410,10.2,4,316284,310,"S",10.2,10.19,10.18,10.17,10.16,10.21,10.22,10.23,10.24,10.25,1640,4622,2497,1744,2755,809,3851,4029,1824,1137
"sz",1,20141017,93412,10.2,7,223380,219,"S",10.2,10.19,10.18,10.17,10.16,10.21,10.22,10.23,10.24,10.25,1451,4602,2497,1744,2755,1119,3851,4029,1824,1137
"sz",1,20141017,93415,10.21,2,54112,53,"B",10.2,10.19,10.18,10.17,10.16,10.21,10.22,10.23,10.24,10.25,1475,4572,2497,1744,2755,1066,4135,4029,1824,1137
"sz",1,20141017,93419,10.2,11,393072,385,"S",10.2,10.19,10.18,10.17,10.16,10.21,10.22,10.23,10.24,10.25,1510,4572,2522,1744,2755,726,4135,4029,1824,1137
"sz",1,20141017,93422,10.21,8,103074,101,"B",10.2,10.19,10.18,10.17,10.16,10.21,10.22,10.23,10.24,10.25,1505,4572,2522,1744,2757,725,4135,4029,1824,1137
"sz",1,20141017,93424,10.21,4,123358,121,"B",10.2,10.19,10.18,10.17,10.16,10.21,10.22,10.23,10.24,10.25,1541,4580,2522,1744,2757,1218,4135,4029,1824,1187
"sz",1,20141017,93427,10.2,5,81600,80,"S",10.2,10.19,10.18,10.17,10.16,10.21,10.22,10.23,10.24,10.25,1461,4580,2522,1744,2757,1273,4135,4029,1824,1247
"sz",1,20141017,93431,10.2,26,825180,809,"S",10.2,10.19,10.18,10.17,10.16,10.21,10.22,10.23,10.24,10.25,753,4630,2517,1744,2787,1293,4135,4029,1824,1247
"sz",1,20141017,93433,10.21,5,21420,21,"B",10.2,10.19,10.18,10.17,10.16,10.21,10.22,10.23,10.24,10.25,791,3644,2517,1794,2787,1322,4135,4029,1824,1247
"sz",1,20141017,93436,10.21,13,394106,386,"B",10.2,10.19,10.18,10.17,10.16,10.21,10.22,10.23,10.24,10.25,837,3644,2517,1794,2787,974,4135,4029,1824,1247
"sz",1,20141017,93439,10.2,37,748682,734,"S",10.2,10.19,10.18,10.17,10.16,10.21,10.22,10.23,10.24,10.25,702,3644,2507,1794,2787,1378,4135,4029,1824,1247
"sz",1,20141017,93442,10.2,11,634244,622,"S",10.2,10.19,10.18,10.17,10.16,10.21,10.22,10.23,10.24,10.25,145,3567,2512,1794,2787,1328,4135,4029,1824,1247
"sz",1,20141017,93445,10.21,7,685076,671,"B",10.2,10.19,10.18,10.17,10.16,10.21,10.22,10.23,10.24,10.25,130,3702,2512,1794,2787,772,4135,4029,1824,1247
"sz",1,20141017,93449,10.2,9,297144,291,"S",10.19,10.18,10.17,10.16,10.15,10.2,10.21,10.22,10.23,10.24,3665,2512,1794,2787,1584,52,919,4135,4029,1824
"sz",1,20141017,93452,10.2,9,237828,233,"B",10.19,10.18,10.17,10.16,10.15,10.2,10.21,10.22,10.23,10.24,3665,2512,1794,2787,1584,17,754,4135,4024,1824
"sz",1,20141017,93454,10.2,4,15596,16,"B",10.19,10.18,10.17,10.16,10.15,10.2,10.21,10.22,10.23,10.24,3664,2512,1794,2787,1590,128,774,1382,4024,1824
"sz",1,20141017,93458,10.2,5,65280,64,"B",10.19,10.18,10.17,10.16,10.15,10.2,10.21,10.22,10.23,10.24,3664,2532,1794,2785,1600,2069,797,1382,4024,1824
"sz",1,20141017,93500,10.19,2,10188,10,"S",10.19,10.18,10.17,10.16,10.15,10.2,10.21,10.22,10.23,10.24,3654,2532,1794,2785,1600,2093,831,1382,4024,1824
"sz",1,20141017,93506,10.19,4,34648,34,"S",10.19,10.18,10.17,10.16,10.15,10.2,10.21,10.22,10.23,10.24,3769,2522,1794,2795,1710,2288,961,1382,4024,1824
"sz",1,20141017,93512,10.19,6,103936,102,"S",10.19,10.18,10.17,10.16,10.15,10.2,10.21,10.22,10.23,10.24,3657,2572,1804,2928,1710,2298,1047,1382,4024,1824
"sz",1,20141017,93516,10.2,2,15800,15,"B",10.19,10.18,10.17,10.16,10.15,10.2,10.21,10.22,10.23,10.24,3657,2667,1804,2928,1710,2293,1207,1382,4024,1824
"sz",1,20141017,93518,10.19,26,2839688,2787,"S",10.19,10.18,10.17,10.16,10.15,10.2,10.21,10.22,10.23,10.24,890,2667,1804,2928,1710,2558,1207,1402,4024,1824
"sz",1,20141017,93521,10.19,8,213988,210,"S",10.19,10.18,10.17,10.16,10.15,10.2,10.21,10.22,10.23,10.24,672,2667,1804,2928,1710,2558,1233,1402,4024,1824
"sz",1,20141017,93525,10.19,7,128452,126,"S",10.19,10.18,10.17,10.16,10.15,10.2,10.21,10.22,10.23,10.24,602,2677,1804,2928,1710,2602,1219,1402,4024,1824
"sz",1,20141017,93528,10.19,7,101900,100,"S",10.19,10.18,10.17,10.16,10.15,10.2,10.21,10.22,10.23,10.24,502,2657,1804,2928,1710,2815,1221,1233,4024,1824
"sz",1,20141017,93530,10.19,17,522228,512,"S",10.18,10.17,10.16,10.15,10.14,10.19,10.2,10.21,10.22,10.23,2657,1804,2938,1710,1026,127,2815,1221,1233,4024
"sz",1,20141017,93534,10.19,1,20380,20,"B",10.18,10.17,10.16,10.15,10.14,10.19,10.2,10.21,10.22,10.23,2657,1804,2938,1710,1026,561,2515,1221,1183,4024
"sz",1,20141017,93537,10.19,9,287356,282,"B",10.18,10.17,10.16,10.15,10.14,10.19,10.2,10.21,10.22,10.23,1607,1804,2938,1709,1026,923,2517,1224,1183,4024
"sz",1,20141017,93539,10.19,14,326300,321,"B",10.18,10.17,10.16,10.15,10.14,10.19,10.2,10.21,10.22,10.23,1312,1804,2938,1709,1026,1053,2517,1224,1183,4024
"sz",1,20141017,93543,10.18,7,147680,145,"S",10.18,10.17,10.16,10.15,10.14,10.19,10.2,10.21,10.22,10.23,1237,1804,2938,1709,1026,1366,2517,1274,1183,4024
"sz",1,20141017,93546,10.18,45,1231780,1210,"S",10.18,10.17,10.16,10.15,10.14,10.19,10.2,10.21,10.22,10.23,40,1804,2938,1709,1026,1758,2550,1371,1183,4024
"sz",1,20141017,93549,10.17,19,253792,249,"S",10.17,10.16,10.15,10.14,10.13,10.18,10.19,10.2,10.21,10.22,1605,2938,1719,1026,657,789,1804,2550,1361,1183
"sz",1,20141017,93552,10.17,4,7416,8,"S",10.17,10.16,10.15,10.14,10.13,10.18,10.19,10.2,10.21,10.22,1612,2938,1719,1026,662,1688,1882,2337,1361,1183
"sz",1,20141017,93555,10.18,3,38684,38,"B",10.17,10.16,10.15,10.14,10.13,10.18,10.19,10.2,10.21,10.22,1612,2938,1719,1026,662,2322,1882,2337,1340,1183
"sz",1,20141017,93558,10.17,27,1635040,1607,"S",10.16,10.15,10.14,10.13,10.12,10.17,10.18,10.19,10.2,10.21,2938,1769,1026,662,685,1456,2622,1547,2337,1340
"sz",1,20141017,93600,10.16,63,3415280,3361,"S",10.15,10.14,10.13,10.12,10.11,10.16,10.17,10.18,10.19,10.2,1769,1026,662,685,1349,3143,1761,2654,1547,2333
"sz",1,20141017,93603,10.16,3,22352,22,"B",10.15,10.14,10.13,10.12,10.11,10.16,10.17,10.18,10.19,10.2,1769,1026,662,685,1349,3829,2347,2654,1547,2333
"sz",1,20141017,93607,10.15,10,304500,300,"S",10.15,10.14,10.13,10.12,10.11,10.16,10.17,10.18,10.19,10.2,1469,1026,683,695,1359,3829,2595,2644,1348,2433
"sz",1,20141017,93610,10.15,14,231428,228,"S",10.15,10.14,10.13,10.12,10.11,10.16,10.17,10.18,10.19,10.2,1251,1026,683,745,1359,3729,1248,2699,944,2433
"sz",1,20141017,93613,10.15,13,695864,685,"S",10.15,10.14,10.13,10.12,10.11,10.16,10.17,10.18,10.19,10.2,1145,1001,683,745,1359,3169,1238,1999,944,2433
"sz",1,20141017,93616,10.15,52,1294128,1275,"S",10.14,10.13,10.12,10.11,10.1,10.15,10.16,10.17,10.18,10.19,996,683,745,1359,3189,67,3309,1196,1609,944
"sz",1,20141017,93618,10.16,8,159724,158,"B",10.15,10.14,10.13,10.12,10.11,10.16,10.17,10.18,10.19,10.2,219,1006,683,745,1359,3032,698,997,934,2433
"sz",1,20141017,93622,10.15,6,243308,239,"S",10.14,10.13,10.12,10.11,10.1,10.15,10.16,10.17,10.18,10.19,1006,683,745,1369,3254,2855,2632,698,647,718
"sz",1,20141017,93625,10.14,8,161372,159,"S",10.14,10.13,10.12,10.11,10.1,10.15,10.16,10.17,10.18,10.19,995,683,745,1369,3254,2880,2632,698,147,718
"sz",1,20141017,93627,10.14,2,15216,15,"S",10.14,10.13,10.12,10.11,10.1,10.15,10.16,10.17,10.18,10.19,975,683,775,1374,3254,2915,2628,698,147,718
"sz",1,20141017,93631,10.15,4,90288,89,"B",10.14,10.13,10.12,10.11,10.1,10.15,10.16,10.17,10.18,10.19,928,664,798,1374,3275,2873,2628,698,147,718
"sz",1,20141017,93634,10.14,26,785884,775,"S",10.14,10.13,10.12,10.11,10.1,10.15,10.16,10.17,10.18,10.19,238,674,828,1374,3278,2853,2628,190,117,593
"sz",1,20141017,93636,10.15,7,76088,75,"B",10.14,10.13,10.12,10.11,10.1,10.15,10.16,10.17,10.18,10.19,704,674,846,1374,3278,2781,2628,140,117,583
"sz",1,20141017,93640,10.13,26,774684,764,"S",10.13,10.12,10.11,10.1,10.09,10.14,10.15,10.16,10.17,10.18,667,1296,1384,3413,919,610,2777,2628,140,94
"sz",1,20141017,93643,10.14,6,95288,94,"B",10.13,10.12,10.11,10.1,10.09,10.14,10.15,10.16,10.17,10.18,647,1346,1427,3436,919,1126,2729,2628,140,94
"sz",1,20141017,93646,10.14,34,644308,636,"B",10.13,10.12,10.11,10.1,10.09,10.14,10.15,10.16,10.17,10.18,51,1401,1460,3436,919,955,2729,2628,140,94
"sz",1,20141017,93649,10.14,17,1088380,1074,"B",10.14,10.13,10.12,10.11,10.1,10.15,10.16,10.17,10.18,10.19,29,281,1401,1570,3502,2697,2628,140,94,603
"sz",1,20141017,93652,10.12,24,452720,447,"S",10.13,10.12,10.11,10.1,10.09,10.14,10.15,10.16,10.17,10.18,100,1291,1590,3467,989,8,2692,2628,140,289
"sz",1,20141017,93655,10.14,8,225172,222,"B",10.14,10.13,10.12,10.11,10.1,10.15,10.16,10.17,10.18,10.19,18,5148,1300,1793,3477,2692,2628,106,284,603
"sz",1,20141017,93658,10.13,7,72804,72,"S",10.13,10.12,10.11,10.1,10.09,10.14,10.15,10.16,10.17,10.18,5160,1448,1793,3492,1029,116,2685,2628,106,284
"sz",1,20141017,93701,10.14,4,104392,103,"B",10.13,10.12,10.11,10.1,10.09,10.14,10.15,10.16,10.17,10.18,5155,1547,1828,3492,1039,63,2645,2628,106,284
"sz",1,20141017,93704,10.13,12,294152,290,"S",10.13,10.12,10.11,10.1,10.09,10.14,10.15,10.16,10.17,10.18,5050,1639,1830,3492,1039,11,2635,2628,6,284
"sz",1,20141017,93707,10.14,10,236272,233,"B",10.13,10.12,10.11,10.1,10.09,10.14,10.15,10.16,10.17,10.18,5064,1669,1967,3762,1044,118,2605,2628,6,284
"sz",1,20141017,93710,10.14,9,235248,232,"B",10.14,10.13,10.12,10.11,10.1,10.15,10.16,10.17,10.18,10.19,2380,5121,1684,1967,3792,2498,2628,6,284,560
"sz",1,20141017,93713,10.14,6,142068,140,"S",10.14,10.13,10.12,10.11,10.1,10.15,10.16,10.17,10.18,10.19,2752,5240,1684,2183,3823,2347,2628,6,284,560
"sz",1,20141017,93716,10.14,2,6088,6,"S",10.14,10.13,10.12,10.11,10.1,10.15,10.16,10.17,10.18,10.19,3952,5352,1695,2180,3893,2337,2637,6,304,560
"sz",1,20141017,93719,10.14,3,175420,173,"S",10.14,10.13,10.12,10.11,10.1,10.15,10.16,10.17,10.18,10.19,4813,5359,1695,2180,3958,2327,2637,6,304,560
"sz",1,20141017,93722,10.14,7,555712,548,"S",10.14,10.13,10.12,10.11,10.1,10.15,10.16,10.17,10.18,10.19,4396,5508,1915,2213,3942,2286,2637,6,304,560
"sz",1,20141017,93725,10.14,6,204000,201,"S",10.14,10.13,10.12,10.11,10.1,10.15,10.16,10.17,10.18,10.19,4444,5509,1935,2223,3968,2087,2637,6,304,580
"sz",1,20141017,93728,10.14,5,177828,175,"S",10.14,10.13,10.12,10.11,10.1,10.15,10.16,10.17,10.18,10.19,3496,5604,1965,2223,3978,1913,2637,6,304,580
"sz",1,20141017,93731,10.14,1,16224,16,"S",10.14,10.13,10.12,10.11,10.1,10.15,10.16,10.17,10.18,10.19,3963,5639,1965,2425,3979,1918,2637,6,304,580
"sz",1,20141017,93734,10.14,5,345780,341,"S",10.14,10.13,10.12,10.11,10.1,10.15,10.16,10.17,10.18,10.19,3754,5639,1975,2425,4019,1910,2637,6,304,580
"sz",1,20141017,93736,10.15,10,202940,200,"B",10.14,10.13,10.12,10.11,10.1,10.15,10.16,10.17,10.18,10.19,3888,5659,1995,2455,4019,1872,2637,6,304,580
"sz",1,20141017,93740,10.15,14,1227776,1211,"B",10.14,10.13,10.12,10.11,10.1,10.15,10.16,10.17,10.18,10.19,2771,5731,2000,2463,4019,1807,2637,6,304,580
"sz",1,20141017,93743,10.15,11,1483296,1461,"B",10.14,10.13,10.12,10.11,10.1,10.15,10.16,10.18,10.19,10.2,2811,5681,2000,2463,4030,469,2637,304,580,2227
"sz",1,20141017,93745,10.14,11,132880,131,"S",10.14,10.13,10.12,10.11,10.1,10.15,10.16,10.18,10.19,10.2,2752,5681,2000,2463,4070,485,2537,304,587,2227
"sz",1,20141017,93749,10.14,19,1376120,1357,"S",10.14,10.13,10.12,10.11,10.1,10.15,10.16,10.18,10.19,10.2,2119,5785,2082,2471,4168,364,2537,304,587,2227
"sz",1,20141017,93752,10.15,33,1053312,1038,"B",10.15,10.14,10.13,10.12,10.11,10.16,10.18,10.19,10.2,10.21,82,1818,5795,2104,2474,2518,304,587,2227,1651
"sz",1,20141017,93754,10.15,3,20604,21,"S",10.15,10.14,10.13,10.12,10.11,10.16,10.18,10.19,10.2,10.21,461,3298,5648,2117,2474,2508,304,587,2263,1643
"sz",1,20141017,93757,10.15,5,71048,70,"S",10.15,10.14,10.13,10.12,10.11,10.16,10.18,10.19,10.2,10.21,536,3463,5657,2117,2474,2508,304,587,2763,1643
"sz",1,20141017,93801,10.15,7,62932,62,"S",10.15,10.14,10.13,10.12,10.11,10.16,10.18,10.19,10.2,10.21,650,3564,5704,2087,2474,3051,304,662,2763,1643
"sz",1,20141017,93804,10.15,3,244616,241,"S",10.15,10.14,10.13,10.12,10.11,10.16,10.18,10.19,10.2,10.21,502,3564,5709,2037,2474,3047,304,663,2763,1643
"sz",1,20141017,93807,10.16,5,166584,164,"B",10.15,10.14,10.13,10.12,10.11,10.16,10.18,10.19,10.2,10.21,591,3653,5741,2047,2480,2961,304,663,2763,1643
"sz",1,20141017,93810,10.15,14,210152,207,"S",10.15,10.14,10.13,10.12,10.11,10.16,10.17,10.18,10.19,10.2,463,3900,5798,2079,2480,2925,17,304,663,2763
"sz",1,20141017,93813,10.16,11,193912,191,"B",10.15,10.14,10.13,10.12,10.11,10.16,10.17,10.18,10.19,10.2,501,4010,5798,2079,2530,2979,17,321,513,2763
"sz",1,20141017,93816,10.16,1,23368,23,"B",10.15,10.14,10.13,10.12,10.11,10.16,10.17,10.18,10.19,10.2,511,4025,5806,2135,2530,2916,17,321,563,2763
"sz",1,20141017,93819,10.15,2,44660,44,"S",10.15,10.14,10.13,10.12,10.11,10.16,10.17,10.18,10.19,10.2,692,4041,5816,2135,2550,2928,17,321,563,2763
"sz",1,20141017,93822,10.16,3,86360,85,"B",10.15,10.14,10.13,10.12,10.11,10.16,10.17,10.18,10.19,10.2,732,4216,5816,2135,2550,2833,17,321,563,2763
"sz",1,20141017,93825,10.16,2,176784,174,"B",10.15,10.14,10.13,10.12,10.11,10.16,10.17,10.18,10.19,10.2,737,4216,5819,2145,2550,2659,17,321,1063,2763
"sz",1,20141017,93828,10.16,10,191900,189,"B",10.15,10.14,10.13,10.12,10.11,10.16,10.17,10.18,10.19,10.2,713,4226,5780,2178,2550,2594,17,321,1065,2763
"sz",1,20141017,93831,10.15,18,482376,475,"S",10.15,10.14,10.13,10.12,10.11,10.16,10.17,10.18,10.19,10.2,518,4326,5780,2183,2550,2394,17,321,1070,2763
"sz",1,20141017,93834,10.16,20,424704,418,"B",10.15,10.14,10.13,10.12,10.11,10.16,10.17,10.18,10.19,10.2,370,3046,5780,2183,2550,2263,25,321,1070,2763
"sz",1,20141017,93837,10.15,6,122928,121,"S",10.15,10.14,10.13,10.12,10.11,10.16,10.17,10.18,10.19,10.2,375,3057,5775,2189,2545,2154,25,321,1170,2763
"sz",1,20141017,93839,10.16,22,784068,772,"B",10.15,10.14,10.13,10.12,10.11,10.16,10.17,10.18,10.19,10.2,142,3087,5775,2189,2545,1695,25,321,1170,2763
"sz",1,20141017,93843,10.16,7,207252,204,"B",10.15,10.14,10.13,10.12,10.11,10.16,10.17,10.18,10.19,10.2,190,3087,5770,2189,2545,1501,25,341,1170,2763
"sz",1,20141017,93846,10.16,15,376912,371,"B",10.15,10.14,10.13,10.12,10.11,10.16,10.17,10.18,10.19,10.2,213,2987,5941,2289,2551,1160,25,439,1170,2763
"sz",1,20141017,93849,10.16,18,510328,502,"B",10.15,10.14,10.13,10.12,10.11,10.16,10.17,10.18,10.19,10.2,388,2985,5946,2312,2551,658,25,539,1170,2763
"sz",1,20141017,93852,10.16,25,699432,689,"B",10.16,10.15,10.14,10.13,10.12,10.17,10.18,10.19,10.2,10.21,73,498,3000,5946,2312,25,539,1170,2763,1618
"sz",1,20141017,93855,10.17,3,53872,53,"B",10.16,10.15,10.14,10.13,10.12,10.17,10.18,10.19,10.2,10.21,122,552,3019,6101,2312,2,545,1170,2813,1618
"sz",1,20141017,93858,10.18,11,213624,210,"B",10.16,10.15,10.14,10.13,10.12,10.18,10.19,10.2,10.21,10.22,239,733,2883,6101,2328,413,1210,2813,1468,1083
"sz",1,20141017,93901,10.18,7,199496,196,"B",10.17,10.16,10.15,10.14,10.13,10.18,10.19,10.2,10.21,10.22,277,367,853,2903,6131,268,1210,2813,1468,1083
"sz",1,20141017,93904,10.18,3,46824,46,"B",10.17,10.16,10.15,10.14,10.13,10.18,10.19,10.2,10.21,10.22,277,374,876,2773,6121,222,1235,2813,1468,1083
"sz",1,20141017,93907,10.18,6,203600,200,"B",10.17,10.16,10.15,10.14,10.13,10.18,10.19,10.2,10.21,10.22,277,505,955,2758,6203,44,1233,2813,1468,1083
"sz",1,20141017,93910,10.17,12,398840,392,"S",10.16,10.15,10.14,10.13,10.12,10.17,10.19,10.2,10.21,10.22,505,975,2658,6203,2361,58,1172,2813,1468,1083
"sz",1,20141017,93916,10.17,6,102720,101,"B",10.17,10.16,10.15,10.14,10.13,10.18,10.19,10.2,10.21,10.22,14,323,1014,2823,6203,233,1166,2813,1470,1087
"sz",1,20141017,93919,10.18,7,321312,315,"B",10.18,10.16,10.15,10.14,10.13,10.19,10.2,10.21,10.22,10.23,38,435,1350,2803,6203,1183,2813,1470,1087,3364
"sz",1,20141017,93924,10.19,56,1548936,1525,"B",10.17,10.15,10.14,10.13,10.12,10.19,10.2,10.21,10.22,10.23,386,528,2803,6203,2374,1172,2813,1470,1068,3364
"sz",1,20141017,93931,10.18,5,45808,45,"B",10.17,10.15,10.14,10.13,10.12,10.18,10.19,10.2,10.21,10.22,399,528,2883,6198,2389,295,1278,2823,1470,1068
"sz",1,20141017,93933,10.17,1,152552,150,"S",10.17,10.16,10.15,10.14,10.13,10.18,10.19,10.2,10.21,10.22,269,10,528,2883,6178,305,1411,2873,1470,1068
"sz",1,20141017,93937,10.18,2,42736,42,"B",10.17,10.16,10.15,10.14,10.13,10.18,10.19,10.2,10.21,10.22,250,10,528,2883,6182,286,1411,2873,1470,1068
"sz",1,20141017,93939,10.17,8,250264,246,"S",10.17,10.16,10.15,10.14,10.13,10.18,10.19,10.2,10.21,10.22,87,10,540,2883,6182,203,1481,2873,1470,1068
"sz",1,20141017,93942,10.18,4,63112,62,"B",10.17,10.16,10.15,10.14,10.13,10.18,10.19,10.2,10.21,10.22,87,10,540,2889,6202,700,1501,2873,1470,1068
"sz",1,20141017,93946,10.17,5,92552,91,"S",10.16,10.15,10.14,10.13,10.12,10.17,10.18,10.19,10.2,10.21,10,565,2799,6219,2421,400,1456,1529,2875,1470
"sz",1,20141017,93948,10.16,2,9440,10,"S",10.16,10.15,10.14,10.13,10.12,10.17,10.18,10.19,10.2,10.21,10,637,2779,6222,2421,400,1456,1577,2895,1462
"sz",1,20141017,93951,10.16,3,15240,15,"S",10.16,10.15,10.14,10.13,10.12,10.17,10.18,10.19,10.2,10.21,0,647,2829,6222,2421,395,1510,1597,2805,1462
"sz",1,20141017,93954,10.17,1,10168,10,"B",10.16,10.15,10.14,10.13,10.12,10.17,10.18,10.19,10.2,10.21,19,692,2859,6222,2438,485,1515,1652,2805,1462
"sz",1,20141017,93957,10.17,5,67048,66,"B",10.15,10.14,10.13,10.12,10.11,10.17,10.18,10.19,10.2,10.21,1675,2859,6232,2438,2571,469,1525,1652,2816,1462
"sz",1,20141017,94001,10.16,1,1016,1,"S",10.15,10.14,10.13,10.12,10.11,10.16,10.17,10.18,10.19,10.2,1675,2839,6232,2438,2581,40,469,1575,1602,2816
"sz",1,20141017,94004,10.16,2,35560,35,"B",10.15,10.14,10.13,10.12,10.11,10.16,10.17,10.18,10.19,10.2,1780,2824,6232,2438,2591,5,469,1665,1532,3245
"sz",1,20141017,94007,10.17,2,8128,8,"B",10.15,10.14,10.13,10.12,10.11,10.16,10.17,10.18,10.19,10.2,1793,2824,6234,2440,2591,53,466,1715,1456,3245
"sz",1,20141017,94010,10.16,6,64944,64,"B",10.16,10.15,10.14,10.13,10.12,10.17,10.18,10.19,10.2,10.21,105,1818,2818,6234,2440,476,1715,1456,3245,1376
"sz",1,20141017,94015,10.16,3,162616,160,"S",10.16,10.15,10.14,10.13,10.12,10.17,10.18,10.19,10.2,10.21,33,1868,2890,6234,2430,466,1715,1408,3245,1376
"sz",1,20141017,94018,10.17,1,23392,23,"B",10.16,10.15,10.14,10.13,10.12,10.17,10.18,10.19,10.2,10.21,33,2018,2883,6234,2420,458,1715,1435,3245,1384
"sz",1,20141017,94022,10.16,14,509448,501,"S",10.16,10.15,10.14,10.13,10.12,10.17,10.18,10.19,10.2,10.21,64,2082,2883,6234,2426,28,1715,1435,3262,1384
"sz",1,20141017,94025,10.16,7,153632,151,"S",10.16,10.15,10.14,10.13,10.12,10.17,10.18,10.19,10.2,10.21,89,2094,2913,6242,2426,53,1646,1435,3262,1384
"sz",1,20141017,94028,10.17,7,138272,136,"B",10.17,10.16,10.15,10.14,10.13,10.18,10.19,10.2,10.21,10.22,36,2581,2113,2913,6287,2243,1435,3262,1384,1068
"sz",1,20141017,94031,10.16,18,711224,699,"S",10.16,10.15,10.14,10.13,10.12,10.18,10.19,10.2,10.21,10.22,2529,1213,2887,6307,2426,1891,1435,3262,1304,1068
"sz",1,20141017,94034,10.18,12,283928,279,"B",10.16,10.15,10.14,10.13,10.12,10.18,10.19,10.2,10.21,10.22,2511,1233,2887,6312,2426,1659,1435,3262,1304,1068
"sz",1,20141017,94037,10.17,5,136312,134,"S",10.16,10.15,10.14,10.13,10.12,10.17,10.18,10.19,10.2,10.21,2511,1233,2887,6327,2426,111,1608,1425,3262,1304
"sz",1,20141017,94039,10.18,6,281872,277,"B",10.16,10.15,10.14,10.13,10.12,10.18,10.19,10.2,10.21,10.22,2511,1253,2887,6327,2426,1442,1492,3262,1304,1068
"sz",1,20141017,94042,10.17,7,88504,87,"S",10.16,10.15,10.14,10.13,10.12,10.17,10.18,10.19,10.2,10.21,2488,1258,2884,6327,2431,303,1388,1492,3262,1304
"sz",1,20141017,94045,10.17,5,154584,152,"B",10.16,10.15,10.14,10.13,10.12,10.17,10.18,10.19,10.2,10.21,2488,1258,2888,6327,2550,151,1383,1492,3226,1304
"sz",1,20141017,94048,10.18,6,176984,174,"B",10.17,10.16,10.15,10.14,10.13,10.18,10.19,10.2,10.21,10.22,46,2507,1298,2888,6327,1360,1462,3226,1304,1068
"sz",1,20141017,94051,10.17,3,26760,26,"S",10.17,10.16,10.15,10.14,10.13,10.18,10.19,10.2,10.21,10.22,55,2507,1298,2883,6312,1334,1462,3226,1304,1068
"sz",1,20141017,94055,10.17,8,137568,135,"S",10.17,10.16,10.15,10.14,10.13,10.18,10.19,10.2,10.21,10.22,7,2507,1332,2883,6342,1297,1512,3226,1304,1068
"sz",1,20141017,94058,10.17,2,23408,23,"S",10.17,10.16,10.15,10.14,10.13,10.18,10.19,10.2,10.21,10.22,106,2507,1382,2844,6342,1265,1462,3226,1304,1068
"sz",1,20141017,94101,10.18,17,630096,619,"B",10.17,10.16,10.15,10.14,10.13,10.18,10.19,10.2,10.21,10.22,208,2507,1499,2844,6349,696,1452,3226,1304,1068
"sz",1,20141017,94103,10.18,2,42752,42,"B",10.17,10.16,10.15,10.14,10.13,10.18,10.19,10.2,10.21,10.22,219,2507,1504,2944,6349,654,1452,3226,1304,1069
"sz",1,20141017,94106,10.17,2,118072,116,"S",10.17,10.16,10.15,10.14,10.13,10.18,10.19,10.2,10.21,10.22,211,2517,1504,2951,6349,566,1452,3226,1304,1069
"sz",1,20141017,94109,10.17,1,7808,8,"S",10.17,10.16,10.15,10.14,10.13,10.18,10.19,10.2,10.21,10.22,238,2517,1534,2951,6349,576,1452,3226,1304,1069
"sz",1,20141017,94112,10.17,6,270696,266,"S",10.17,10.16,10.15,10.14,10.13,10.18,10.19,10.2,10.21,10.22,140,2522,1535,2951,6350,406,1452,3226,1304,1069
"sz",1,20141017,94116,10.17,12,159488,157,"S",10.17,10.16,10.15,10.14,10.13,10.18,10.19,10.2,10.21,10.22,24,2540,1535,2971,6350,381,1452,3249,1304,1069
"sz",1,20141017,94119,10.18,2,119112,117,"B",10.17,10.16,10.15,10.14,10.13,10.18,10.19,10.2,10.21,10.22,193,2540,1535,2891,6350,493,1452,3249,1304,1069
"sz",1,20141017,94122,10.18,3,22376,22,"B",10.17,10.16,10.15,10.14,10.13,10.18,10.19,10.2,10.21,10.22,188,2540,1545,2921,6350,521,1452,3249,1306,1069
"sz",1,20141017,94124,10.18,2,86528,85,"B",10.17,10.16,10.15,10.14,10.13,10.18,10.19,10.2,10.21,10.22,313,2550,1559,2921,6370,436,1452,3249,1306,1069
"sz",1,20141017,94128,10.17,4,168888,166,"S",10.17,10.16,10.15,10.14,10.13,10.18,10.19,10.2,10.21,10.22,218,2650,1559,2932,6371,380,1402,3249,1306,1069
"sz",1,20141017,94130,10.17,7,185096,182,"S",10.17,10.16,10.15,10.14,10.13,10.18,10.19,10.2,10.21,10.22,1136,2650,1559,2921,6371,380,1432,3255,1306,1069
"sz",1,20141017,94133,10.17,3,34576,34,"S",10.17,10.16,10.15,10.14,10.13,10.18,10.19,10.2,10.21,10.22,1282,2650,1624,2923,6391,380,1432,3255,1306,1069
"sz",1,20141017,94137,10.17,2,20336,20,"S",10.17,10.16,10.15,10.14,10.13,10.18,10.19,10.2,10.21,10.22,1401,2851,1624,2928,6395,380,1412,3244,1306,1069
"sz",1,20141017,94139,10.18,4,106816,105,"B",10.17,10.16,10.15,10.14,10.13,10.18,10.19,10.2,10.21,10.22,1325,2851,1624,2928,6395,351,1412,3244,1306,1069
"sz",1,20141017,94142,10.18,10,256520,252,"B",10.17,10.16,10.15,10.14,10.13,10.18,10.19,10.2,10.21,10.22,1331,2853,1644,2928,6395,150,1412,3244,1306,1069
"sz",1,20141017,94145,10.17,2,12208,12,"S",10.17,10.16,10.15,10.14,10.13,10.18,10.19,10.2,10.21,10.22,1367,2853,2134,2943,6395,150,1412,1261,1306,1069
"sz",1,20141017,94148,10.17,3,63056,62,"S",10.17,10.16,10.15,10.14,10.13,10.18,10.19,10.2,10.21,10.22,1305,2853,2123,2943,6395,155,1412,1261,1306,1069
"sz",1,20141017,94155,10.17,2,5376,5,"S",10.17,10.16,10.15,10.14,10.13,10.18,10.19,10.2,10.21,10.22,1349,2853,2123,2943,6345,240,1457,1266,1306,1069
"sz",1,20141017,94157,10.18,2,46816,46,"B",10.17,10.16,10.15,10.14,10.13,10.18,10.19,10.2,10.21,10.22,1377,2883,2123,2943,6345,221,1457,1266,1306,1069
"sz",1,20141017,94200,10.18,1,1016,1,"B",10.17,10.16,10.15,10.14,10.13,10.18,10.19,10.2,10.21,10.22,1357,2883,2123,2943,6345,220,1457,1266,1306,1069
"sz",1,20141017,94204,10.18,2,8144,8,"B",10.17,10.16,10.15,10.14,10.13,10.18,10.19,10.2,10.21,10.22,1361,2883,2123,2993,6345,287,1487,1266,1306,1069
"sz",1,20141017,94207,10.17,9,85496,84,"S",10.17,10.16,10.15,10.14,10.13,10.18,10.19,10.2,10.21,10.22,1324,2883,2123,2993,6355,365,1487,1266,1306,1069
"sz",1,20141017,94210,10.18,4,50904,50,"B",10.17,10.16,10.15,10.14,10.13,10.18,10.19,10.2,10.21,10.22,1324,2883,2223,2993,6355,2357,1467,1266,1326,1069
"sz",1,20141017,94212,10.18,5,236656,232,"B",10.17,10.16,10.15,10.14,10.13,10.18,10.19,10.2,10.21,10.22,1196,2883,2224,2993,6355,2263,1467,1266,1326,1091
"sz",1,20141017,94215,10.18,2,24432,24,"B",10.17,10.16,10.15,10.14,10.13,10.18,10.19,10.2,10.21,10.22,1196,2883,2224,2993,6365,2239,1467,1346,1326,1091
"sz",1,20141017,94218,10.17,1,93568,92,"S",10.17,10.16,10.15,10.14,10.13,10.18,10.19,10.2,10.21,10.22,1112,2883,2224,2993,6365,2239,1467,1346,1326,1091
"sz",1,20141017,94222,10.17,3,254288,250,"S",10.17,10.16,10.15,10.14,10.13,10.18,10.19,10.2,10.21,10.22,1012,2883,2224,2993,6365,2204,1467,1351,1326,1124
"sz",1,20141017,94224,10.17,5,88496,87,"S",10.17,10.16,10.15,10.14,10.13,10.18,10.19,10.2,10.21,10.22,988,2883,2224,2993,6365,2181,1467,1351,1326,1124
"sz",1,20141017,94227,10.17,3,88528,87,"S",10.17,10.16,10.15,10.14,10.13,10.18,10.19,10.2,10.21,10.22,975,2883,2224,2996,6365,2173,1467,1351,1336,1124
"sz",1,20141017,94230,10.17,2,35624,35,"S",10.17,10.16,10.15,10.14,10.13,10.18,10.19,10.2,10.21,10.22,1092,2883,2224,3046,6365,2133,1467,1350,1336,1124
"sz",1,20141017,94233,10.17,1,48816,48,"S",10.17,10.16,10.15,10.14,10.13,10.18,10.19,10.2,10.21,10.22,1149,2884,2224,3046,6204,2133,1392,1355,1336,1124
"sz",1,20141017,94237,10.18,2,21368,21,"B",10.17,10.16,10.15,10.14,10.13,10.18,10.19,10.2,10.21,10.22,1143,2894,2219,3657,6169,2129,1392,1355,1336,1124
"sz",1,20141017,94239,10.18,14,772104,759,"B",10.17,10.16,10.15,10.14,10.13,10.18,10.19,10.2,10.21,10.22,689,3124,2219,3657,6169,2099,1392,1375,1336,1124
"sz",1,20141017,94245,10.18,1,8144,8,"B",10.17,10.16,10.15,10.14,10.13,10.18,10.19,10.2,10.21,10.22,699,3134,2219,3657,6163,2119,1392,1375,1336,1124
"sz",1,20141017,94249,10.17,6,61024,60,"S",10.17,10.16,10.15,10.14,10.13,10.18,10.19,10.2,10.21,10.22,650,3142,2219,3589,6163,2449,1392,1375,1408,1124
"sz",1,20141017,94252,10.17,2,62096,61,"S",10.17,10.16,10.15,10.14,10.13,10.18,10.19,10.2,10.21,10.22,666,3152,2219,3545,6163,2399,1392,1375,1408,1124
"sz",1,20141017,94254,10.17,11,224080,221,"S",10.17,10.16,10.15,10.14,10.13,10.18,10.19,10.2,10.21,10.22,503,3202,2207,3515,6163,2369,1392,1375,1408,1199
"sz",1,20141017,94300,10.17,10,224864,221,"S",10.17,10.16,10.15,10.14,10.13,10.18,10.19,10.2,10.21,10.22,1011,3202,2207,3465,6176,2314,1392,1375,1408,1199
"sz",1,20141017,94303,10.17,1,6104,6,"S",10.17,10.16,10.15,10.14,10.13,10.18,10.19,10.2,10.21,10.22,1205,3202,2207,3470,6180,2314,1392,1295,1408,1210
"sz",1,20141017,94306,10.18,4,316584,311,"B",10.17,10.16,10.15,10.14,10.13,10.18,10.19,10.2,10.21,10.22,1214,3202,2253,3470,6173,2014,1392,795,1408,1210
"sz",1,20141017,94309,10.17,21,475016,467,"S",10.17,10.16,10.15,10.14,10.13,10.18,10.19,10.2,10.21,10.22,841,3387,2253,3470,6243,2049,1392,795,1408,1210
"sz",1,20141017,94313,10.18,1,18328,18,"B",10.17,10.16,10.15,10.14,10.13,10.18,10.19,10.2,10.21,10.22,957,3387,2253,3470,6248,2031,1387,795,1508,1210
"sz",1,20141017,94314,10.18,7,655552,644,"B",10.17,10.16,10.15,10.14,10.13,10.18,10.19,10.2,10.21,10.22,984,3387,2253,3470,6258,1428,1387,795,1498,1210
"sz",1,20141017,94319,10.18,3,159720,157,"B",10.17,10.16,10.15,10.14,10.13,10.18,10.19,10.2,10.21,10.22,977,3387,2253,3470,6263,1303,1387,795,1498,1215
"sz",1,20141017,94321,10.18,1,5088,5,"B",10.17,10.16,10.15,10.14,10.13,10.18,10.19,10.2,10.21,10.22,999,3407,2253,3504,6271,1298,1387,795,1498,1215
"sz",1,20141017,94324,10.17,1,10168,10,"S",10.17,10.16,10.15,10.14,10.13,10.18,10.19,10.2,10.21,10.22,1074,3407,2253,3504,6364,1298,1387,795,1498,1215
"sz",1,20141017,94327,10.17,2,40680,40,"S",10.17,10.16,10.15,10.14,10.13,10.18,10.19,10.2,10.21,10.22,1034,3407,2256,3512,6364,1298,1387,795,1496,1215
"sz",1,20141017,94330,10.18,5,85504,84,"B",10.17,10.16,10.15,10.14,10.13,10.18,10.19,10.2,10.21,10.22,1028,3522,2316,3512,6364,1220,1387,795,1496,1215
"sz",1,20141017,94332,10.18,1,20360,20,"B",10.17,10.16,10.15,10.14,10.13,10.18,10.19,10.2,10.21,10.22,1147,3522,2316,3512,6384,1177,1387,795,1496,1215
"sz",1,20141017,94336,10.17,1,101704,100,"S",10.17,10.16,10.15,10.14,10.13,10.18,10.19,10.2,10.21,10.22,1052,3522,2315,3591,6384,1177,1387,805,1496,1215
"sz",1,20141017,94340,10.18,5,182064,179,"B",10.17,10.16,10.15,10.14,10.13,10.18,10.19,10.2,10.21,10.22,966,3522,2315,3591,6384,1156,1387,805,1496,1215
"sz",1,20141017,94342,10.17,1,2032,2,"S",10.17,10.16,10.15,10.14,10.13,10.18,10.19,10.2,10.21,10.22,1326,3522,2315,3591,6384,1156,1387,805,1496,1215
"sz",1,20141017,94349,10.18,2,13240,13,"B",10.17,10.16,10.15,10.14,10.13,10.18,10.19,10.2,10.21,10.22,1408,3554,2332,3572,6384,1147,1387,825,1496,1215
"sz",1,20141017,94351,10.17,2,20336,20,"S",10.17,10.16,10.15,10.14,10.13,10.18,10.19,10.2,10.21,10.22,1388,3559,2332,3572,6384,1147,1320,825,1496,1215
"sz",1,20141017,94355,10.17,5,128536,126,"S",10.17,10.16,10.15,10.14,10.13,10.18,10.19,10.2,10.21,10.22,1462,3569,2332,3572,6387,1047,1320,825,1496,1215
"sz",1,20141017,94357,10.17,2,22376,22,"S",10.17,10.16,10.15,10.14,10.13,10.18,10.19,10.2,10.21,10.22,1490,3569,2327,3738,6387,1057,1320,825,1496,1215
"sz",1,20141017,94400,10.18,2,227016,223,"B",10.17,10.16,10.15,10.14,10.13,10.18,10.19,10.2,10.21,10.22,1646,3569,2327,3706,6387,834,1320,825,1496,1215
"sz",1,20141017,94404,10.17,1,15256,15,"S",10.17,10.16,10.15,10.14,10.13,10.18,10.19,10.2,10.21,10.22,2131,3569,2329,3706,6387,842,1320,825,1496,1215
"sz",1,20141017,94406,10.18,3,10176,10,"B",10.17,10.16,10.15,10.14,10.13,10.18,10.19,10.2,10.21,10.22,2133,3569,2329,3706,6387,842,1320,825,1496,1215
"sz",1,20141017,94409,10.18,5,71248,70,"B",10.17,10.16,10.15,10.14,10.13,10.18,10.19,10.2,10.21,10.22,2126,3570,2329,3706,6407,789,1320,825,1496,1215
"sz",1,20141017,94412,10.18,2,7128,7,"B",10.17,10.16,10.15,10.14,10.13,10.18,10.19,10.2,10.21,10.22,2131,3570,2329,3706,6407,782,1320,855,1486,1215
"sz",1,20141017,94416,10.17,4,71192,70,"S",10.17,10.16,10.15,10.14,10.13,10.18,10.19,10.2,10.21,10.22,2083,3570,2329,3208,6407,782,1320,855,1486,1215
"sz",1,20141017,94418,10.17,3,25200,25,"S",10.17,10.16,10.15,10.14,10.13,10.18,10.19,10.2,10.21,10.22,2106,3570,2329,3048,6407,763,1280,855,1486,1215
"sz",1,20141017,94424,10.17,4,102768,101,"S",10.17,10.16,10.15,10.14,10.13,10.18,10.19,10.2,10.21,10.22,1983,3620,2329,3048,6407,754,1280,855,1486,1215
"sz",1,20141017,94428,10.18,18,590368,580,"B",10.17,10.16,10.15,10.14,10.13,10.18,10.19,10.2,10.21,10.22,1917,3625,2349,3048,6407,334,1280,855,1486,1215
"sz",1,20141017,94430,10.17,2,30536,30,"S",10.17,10.16,10.15,10.14,10.13,10.18,10.19,10.2,10.21,10.22,1912,3625,2349,3048,6407,314,780,855,1486,1215
"sz",1,20141017,94434,10.18,4,67944,67,"B",10.17,10.16,10.15,10.14,10.13,10.18,10.19,10.2,10.21,10.22,1886,3625,2349,3063,6402,304,780,865,1486,1215
"sz",1,20141017,94436,10.17,15,183232,180,"S",10.17,10.16,10.15,10.14,10.13,10.18,10.19,10.2,10.21,10.22,2029,3625,2349,3063,6402,169,780,870,1492,1215
"sz",1,20141017,94439,10.18,8,111928,110,"B",10.17,10.16,10.15,10.14,10.13,10.18,10.19,10.2,10.21,10.22,2113,3625,2349,3063,6412,171,780,870,1492,1215
"sz",1,20141017,94443,10.18,3,99704,98,"B",10.17,10.16,10.15,10.14,10.13,10.18,10.19,10.2,10.21,10.22,2067,3575,2313,3063,6412,139,780,870,1492,1215
"sz",1,20141017,94449,10.18,6,117064,115,"B",10.17,10.16,10.15,10.14,10.13,10.18,10.19,10.2,10.21,10.22,2216,3627,2313,3088,6412,51,805,870,1492,1215
"sz",1,20141017,94452,10.18,7,93048,91,"B",10.18,10.17,10.16,10.15,10.14,10.19,10.2,10.21,10.22,10.23,50,2280,3641,2313,3088,805,1170,1492,1215,3359
"sz",1,20141017,94458,10.18,6,69720,68,"S",10.18,10.17,10.16,10.15,10.14,10.19,10.2,10.21,10.22,10.23,231,2353,3629,2313,3088,805,1255,1492,1215,3359
"sz",1,20141017,94503,10.18,2,61088,60,"S",10.18,10.17,10.16,10.15,10.14,10.19,10.2,10.21,10.22,10.23,224,2463,3629,2313,3088,805,1275,1492,1280,3359
"sz",1,20141017,94506,10.18,2,11192,11,"S",10.18,10.17,10.16,10.15,10.14,10.19,10.2,10.21,10.22,10.23,213,2463,3629,2313,3088,805,1375,1492,1280,3359
"sz",1,20141017,94513,10.18,3,20360,20,"S",10.18,10.17,10.16,10.15,10.14,10.19,10.2,10.21,10.22,10.23,204,2574,3624,2314,3093,790,1375,1492,1280,3359
"sz",1,20141017,94516,10.18,1,1024,1,"S",10.18,10.17,10.16,10.15,10.14,10.19,10.2,10.21,10.22,10.23,1055,2694,3624,2314,3093,790,1375,1472,1280,3359
"sz",1,20141017,94521,10.18,9,233128,229,"S",10.18,10.17,10.16,10.15,10.14,10.19,10.2,10.21,10.22,10.23,1096,2644,3624,2319,3093,910,1425,1472,1205,3359
"sz",1,20141017,94525,10.19,4,120144,118,"B",10.18,10.17,10.16,10.15,10.14,10.19,10.2,10.21,10.22,10.23,999,2644,3624,2319,3093,892,1425,1472,1205,3359
"sz",1,20141017,94526,10.18,2,17304,17,"S",10.18,10.17,10.16,10.15,10.14,10.19,10.2,10.21,10.22,10.23,982,2655,3624,2319,3093,892,1425,1472,1207,3359
"sz",1,20141017,94529,10.18,3,63168,62,"S",10.18,10.17,10.16,10.15,10.14,10.19,10.2,10.21,10.22,10.23,970,2655,3624,2319,3093,842,1425,1472,1207,3359
"sz",1,20141017,94534,10.19,6,142656,140,"B",10.18,10.17,10.16,10.15,10.14,10.19,10.2,10.21,10.22,10.23,1020,2655,3624,2319,3093,702,1425,1472,1199,3359
"sz",1,20141017,94539,10.19,24,707192,694,"B",10.18,10.17,10.16,10.15,10.14,10.19,10.2,10.21,10.22,10.23,1078,2866,3606,2319,3093,8,1425,1472,1399,3359
"sz",1,20141017,94542,10.18,5,1018000,1000,"S",10.18,10.17,10.16,10.15,10.14,10.19,10.2,10.21,10.22,10.23,78,2866,3606,2319,3078,8,1425,1472,1399,3359
"sz",1,20141017,94545,10.19,1,9088,9,"B",10.19,10.18,10.17,10.16,10.15,10.2,10.21,10.22,10.23,10.24,3,98,2866,3606,2319,1425,1472,1399,3359,1928
"sz",1,20141017,94551,10.19,1,296,1,"S",10.19,10.18,10.17,10.16,10.15,10.2,10.21,10.22,10.23,10.24,80,98,2866,3606,2319,1425,1472,1399,3359,1928
"sz",1,20141017,94554,10.19,3,20376,20,"S",10.19,10.18,10.17,10.16,10.15,10.2,10.21,10.22,10.23,10.24,1116,178,2866,3606,2319,1425,1472,1399,3359,1928
"sz",1,20141017,94600,10.19,8,1155328,1133,"S",10.18,10.17,10.16,10.15,10.14,10.19,10.2,10.21,10.22,10.23,226,3056,3606,2324,3078,453,1415,1472,1399,3359
"sz",1,20141017,94603,10.19,1,101904,100,"B",10.18,10.17,10.16,10.15,10.14,10.19,10.2,10.21,10.22,10.23,266,3109,3606,2324,2978,353,1415,1472,1399,3359
"sz",1,20141017,94605,10.19,1,30568,30,"B",10.18,10.17,10.16,10.15,10.14,10.19,10.2,10.21,10.22,10.23,266,3109,3606,2324,2978,329,1515,1484,1399,3359
"sz",1,20141017,94610,10.19,1,101904,100,"B",10.18,10.17,10.16,10.15,10.14,10.19,10.2,10.21,10.22,10.23,518,3109,3606,2334,2995,244,1510,1484,1399,3359
"sz",1,20141017,94611,10.18,3,35648,35,"S",10.18,10.17,10.16,10.15,10.14,10.19,10.2,10.21,10.22,10.23,536,3109,3606,2334,2995,314,1510,1484,1399,3359
"sz",1,20141017,94618,10.19,1,12232,12,"B",10.18,10.17,10.16,10.15,10.14,10.19,10.2,10.21,10.22,10.23,560,3209,3601,2364,2995,362,1510,1484,1399,3359
"sz",1,20141017,94625,10.19,2,106992,105,"B",10.18,10.17,10.16,10.15,10.14,10.19,10.2,10.21,10.22,10.23,584,3219,3601,2364,3045,281,1510,1484,1399,3359
"sz",1,20141017,94630,10.19,12,352792,347,"B",10.19,10.18,10.17,10.16,10.15,10.2,10.21,10.22,10.23,10.24,1609,834,3109,3601,2363,1443,1484,1399,3359,1928
"sz",1,20141017,94632,10.19,2,231312,227,"S",10.19,10.18,10.17,10.16,10.15,10.2,10.21,10.22,10.23,10.24,1382,955,3109,3601,2363,1443,1484,1399,3359,1928
"sz",1,20141017,94636,10.19,2,48912,48,"S",10.19,10.18,10.17,10.16,10.15,10.2,10.21,10.22,10.23,10.24,1386,955,3109,3601,2363,1443,1484,1399,3359,1928
"sz",1,20141017,94640,10.19,2,56040,55,"S",10.19,10.18,10.17,10.16,10.15,10.2,10.21,10.22,10.23,10.24,1342,2123,3088,3601,2363,1453,1084,1399,3359,1928
"sz",1,20141017,94642,10.19,2,26496,26,"S",10.19,10.18,10.17,10.16,10.15,10.2,10.21,10.22,10.23,10.24,1326,2158,3088,3601,2395,1443,984,1399,3359,1928
"sz",1,20141017,94645,10.2,3,31600,31,"B",10.19,10.18,10.17,10.16,10.15,10.2,10.21,10.22,10.23,10.24,1308,2261,3088,3600,2395,1532,984,1399,3359,1928
"sz",1,20141017,94649,10.19,6,67296,66,"S",10.19,10.18,10.17,10.16,10.15,10.2,10.21,10.22,10.23,10.24,1282,2311,3088,3600,2395,1502,966,1399,3359,1978
"sz",1,20141017,94651,10.2,2,3352,3,"B",10.19,10.18,10.17,10.16,10.15,10.2,10.21,10.22,10.23,10.24,1292,2311,3088,3600,2395,1499,966,1399,3359,1978
"sz",1,20141017,94654,10.2,2,32624,32,"B",10.19,10.18,10.17,10.16,10.15,10.2,10.21,10.22,10.23,10.24,1271,2311,3088,3620,2395,1492,966,1399,3359,1978
"sz",1,20141017,94657,10.19,11,108088,106,"S",10.19,10.18,10.17,10.16,10.15,10.2,10.21,10.22,10.23,10.24,1239,2311,3088,3620,2397,1428,996,1399,3359,1978
"sz",1,20141017,94703,10.2,4,69360,68,"B",10.19,10.18,10.17,10.16,10.15,10.2,10.21,10.22,10.23,10.24,157,2345,2938,3610,2382,1060,996,1399,3359,1978
"sz",1,20141017,94709,10.2,4,26512,26,"B",10.19,10.18,10.17,10.16,10.15,10.2,10.21,10.22,10.23,10.24,153,2395,3123,3660,2382,1051,1026,1399,3359,1978
"sz",1,20141017,94712,10.19,3,39752,39,"S",10.19,10.18,10.17,10.16,10.15,10.2,10.21,10.22,10.23,10.24,119,2415,2862,3659,2382,1046,1026,1476,3359,1988
"sz",1,20141017,94716,10.19,15,408632,401,"S",10.18,10.17,10.16,10.15,10.14,10.19,10.2,10.21,10.22,10.23,2415,2862,3659,2382,2956,37,1036,1026,1496,3359
"sz",1,20141017,94718,10.19,1,3064,3,"B",10.18,10.17,10.16,10.15,10.14,10.19,10.2,10.21,10.22,10.23,2415,2862,3659,2382,2956,84,1046,1026,1496,3359
"sz",1,20141017,94721,10.19,6,740808,727,"B",10.18,10.17,10.16,10.15,10.14,10.19,10.2,10.21,10.22,10.23,2585,2862,3659,2382,3448,357,1246,1027,1496,3359
"sz",1,20141017,94723,10.19,3,88656,87,"B",10.18,10.17,10.16,10.15,10.14,10.19,10.2,10.21,10.22,10.23,2585,2853,3659,2382,3448,270,1246,1077,1496,3359
"sz",1,20141017,94727,10.19,2,61136,60,"B",10.18,10.17,10.16,10.15,10.14,10.19,10.2,10.21,10.22,10.23,2585,2853,3659,2382,3448,210,1276,1077,1486,3359
"sz",1,20141017,94731,10.19,2,197688,194,"B",10.18,10.17,10.16,10.15,10.14,10.19,10.2,10.21,10.22,10.23,2485,2853,3663,2382,3448,16,1325,1077,1486,3359
"sz",1,20141017,94734,10.19,1,6112,6,"B",10.18,10.17,10.16,10.15,10.14,10.19,10.2,10.21,10.22,10.23,2510,2863,3663,2382,3448,10,1325,1077,1540,3359
"sz",1,20141017,94736,10.2,2,18352,18,"B",10.18,10.17,10.16,10.15,10.14,10.2,10.21,10.22,10.23,10.24,2510,2863,3663,2382,3440,1317,965,1547,3359,1988
"sz",1,20141017,94742,10.2,6,76480,75,"B",10.19,10.18,10.17,10.16,10.15,10.2,10.21,10.22,10.23,10.24,119,2571,2863,3663,2360,1345,970,1547,3359,1988
"sz",1,20141017,94745,10.2,1,3056,3,"B",10.19,10.18,10.17,10.16,10.15,10.2,10.21,10.22,10.23,10.24,131,2571,2863,3663,2370,1342,895,1847,3359,1988
"sz",1,20141017,94752,10.19,5,38000,37,"S",10.19,10.18,10.17,10.16,10.15,10.2,10.21,10.22,10.23,10.24,824,2586,2863,3663,2385,1342,901,1847,3359,1988
"sz",1,20141017,94757,10.19,2,10192,10,"S",10.19,10.18,10.17,10.16,10.15,10.2,10.21,10.22,10.23,10.24,844,2678,2871,3663,2435,1342,895,1847,3389,1988
"sz",1,20141017,94800,10.2,1,10200,10,"B",10.19,10.18,10.17,10.16,10.15,10.2,10.21,10.22,10.23,10.24,844,2673,2871,3663,2435,1363,915,1856,3389,1988
"sz",1,20141017,94806,10.2,2,211136,207,"B",10.19,10.18,10.17,10.16,10.15,10.2,10.21,10.22,10.23,10.24,999,2642,2871,3673,2435,1190,915,1866,3399,1988
"sz",1,20141017,94809,10.2,5,135640,133,"B",10.19,10.18,10.17,10.16,10.15,10.2,10.21,10.22,10.23,10.24,981,2622,2861,3673,2485,1085,915,1866,3399,1988
"sz",1,20141017,94812,10.2,2,24480,24,"B",10.19,10.18,10.17,10.16,10.15,10.2,10.21,10.22,10.23,10.24,981,2622,2861,3673,2485,1061,915,1866,3399,1988
"sz",1,20141017,94816,10.2,13,162176,159,"B",10.19,10.18,10.17,10.16,10.15,10.2,10.21,10.22,10.23,10.24,1026,2622,2861,3673,2485,912,915,1866,3399,1988
"sz",1,20141017,94822,10.2,3,20400,20,"B",10.19,10.18,10.17,10.16,10.15,10.2,10.21,10.22,10.23,10.24,1032,2622,2861,3673,2575,872,915,1857,3399,1988
"sz",1,20141017,94828,10.2,7,210120,206,"B",10.19,10.18,10.17,10.16,10.15,10.2,10.21,10.22,10.23,10.24,1122,2525,2861,3673,2055,1158,915,1857,3399,1988
"sz",1,20141017,94831,10.2,1,4080,4,"B",10.19,10.18,10.17,10.16,10.15,10.2,10.21,10.22,10.23,10.24,1622,2539,2883,3673,2060,1159,1098,1857,3399,1988
"sz",1,20141017,94833,10.2,9,225400,221,"B",10.19,10.18,10.17,10.16,10.15,10.2,10.21,10.22,10.23,10.24,1620,2539,2883,3693,2060,959,1098,1857,3399,1988
"sz",1,20141017,94837,10.2,9,151960,149,"B",10.19,10.18,10.17,10.16,10.15,10.2,10.21,10.22,10.23,10.24,1655,2539,2983,3693,2060,825,1096,1857,3399,1988
"sz",1,20141017,94840,10.19,7,83560,82,"S",10.19,10.18,10.17,10.16,10.15,10.2,10.21,10.22,10.23,10.24,1638,2594,2951,3693,2060,825,1116,1857,3399,1988
"sz",1,20141017,94843,10.2,16,359040,352,"B",10.19,10.18,10.17,10.16,10.15,10.2,10.21,10.22,10.23,10.24,1660,2664,2951,3693,2050,475,1316,1857,3399,1988
"sz",1,20141017,94845,10.19,2,126456,124,"S",10.19,10.18,10.17,10.16,10.15,10.2,10.21,10.22,10.23,10.24,1653,2684,2922,3693,2050,377,1316,1947,3399,1988
"sz",1,20141017,94852,10.2,2,17336,17,"B",10.19,10.18,10.17,10.16,10.15,10.2,10.21,10.22,10.23,10.24,1852,2639,2922,3693,2051,821,1272,1971,3399,1988
"sz",1,20141017,94854,10.19,1,296,1,"S",10.19,10.18,10.17,10.16,10.15,10.2,10.21,10.22,10.23,10.24,1852,2639,2922,3693,2051,825,1272,1971,3399,1988
"sz",1,20141017,94857,10.2,3,164224,161,"B",10.19,10.18,10.17,10.16,10.15,10.2,10.21,10.22,10.23,10.24,1877,2589,2922,3693,2051,784,1272,1971,3399,1988
"sz",1,20141017,94901,10.2,9,382496,375,"B",10.19,10.18,10.17,10.16,10.15,10.2,10.21,10.22,10.23,10.24,1886,2550,2922,3693,2051,440,1472,1969,3399,1988
"sz",1,20141017,94903,10.2,1,5104,5,"B",10.19,10.18,10.17,10.16,10.15,10.2,10.21,10.22,10.23,10.24,1916,2550,2922,3693,2073,437,1472,1969,3399,1988
"sz",1,20141017,94907,10.2,2,96896,95,"B",10.19,10.18,10.17,10.16,10.15,10.2,10.21,10.22,10.23,10.24,1916,2530,2922,3693,2073,342,1472,1969,3399,1988
"sz",1,20141017,94910,10.2,4,108120,106,"B",10.19,10.18,10.17,10.16,10.15,10.2,10.21,10.22,10.23,10.24,1916,2530,2922,3693,2073,261,1472,1969,3399,1988
"sz",1,20141017,94913,10.2,11,286072,280,"B",10.2,10.19,10.18,10.17,10.16,10.21,10.22,10.23,10.24,10.25,57,1908,2530,2922,3693,1472,1969,3399,1988,1394
"sz",1,20141017,94915,10.2,2,10200,10,"S",10.2,10.19,10.18,10.17,10.16,10.21,10.22,10.23,10.24,10.25,82,1908,2530,2932,3693,1472,1969,3399,1988,1394
"sz",1,20141017,94918,10.2,4,76496,75,"S",10.2,10.19,10.18,10.17,10.16,10.21,10.22,10.23,10.24,10.25,63,2006,2480,2932,3693,1472,1969,3399,1988,1394
"sz",1,20141017,94922,10.21,5,15312,15,"B",10.2,10.19,10.18,10.17,10.16,10.21,10.22,10.23,10.24,10.25,55,2016,2475,2932,3693,1449,2092,3399,1988,1394
"sz",1,20141017,94924,10.2,5,107832,106,"S",10.19,10.18,10.17,10.16,10.15,10.2,10.21,10.22,10.23,10.24,2026,2475,2932,3693,2069,126,1449,2088,3399,1988
"sz",1,20141017,94927,10.21,6,191824,188,"B",10.2,10.19,10.18,10.17,10.16,10.21,10.22,10.23,10.24,10.25,5,2031,2475,2932,3693,1387,2088,3399,1988,1399
"sz",1,20141017,94936,10.21,1,8168,8,"B",10.2,10.19,10.18,10.17,10.16,10.21,10.22,10.23,10.24,10.25,726,2031,2436,2843,3693,1409,2081,3450,1988,1399
"sz",1,20141017,94939,10.21,1,20416,20,"B",10.2,10.19,10.18,10.17,10.16,10.21,10.22,10.23,10.24,10.25,1157,2031,2436,2843,3703,1389,2081,3450,1988,1399
"sz",1,20141017,94943,10.2,11,993024,973,"S",10.2,10.19,10.18,10.17,10.16,10.21,10.22,10.23,10.24,10.25,194,2041,2436,2843,3703,1478,2081,3450,1988,1199
"sz",1,20141017,94947,10.21,6,92904,91,"B",10.2,10.19,10.18,10.17,10.16,10.21,10.22,10.23,10.24,10.25,197,2091,2426,2744,3701,1405,2081,3450,1988,1199
"sz",1,20141017,94952,10.21,5,392064,384,"B",10.2,10.19,10.18,10.17,10.16,10.21,10.22,10.23,10.24,10.25,256,2101,2396,2744,3701,1031,2081,3450,1988,1199
"sz",1,20141017,94955,10.2,1,296,1,"S",10.2,10.19,10.18,10.17,10.16,10.21,10.22,10.23,10.24,10.25,278,2131,2416,2744,3701,1036,2181,3450,1988,1199
"sz",1,20141017,95001,10.21,4,106080,104,"B",10.2,10.19,10.18,10.17,10.16,10.21,10.22,10.23,10.24,10.25,202,2132,2422,2744,3701,1052,2209,3450,1988,1199
"sz",1,20141017,95004,10.21,22,560440,548,"B",10.2,10.19,10.18,10.17,10.16,10.21,10.22,10.23,10.24,10.25,312,2132,2422,2744,3711,519,2209,3450,1909,1199
"sz",1,20141017,95007,10.2,3,32648,32,"S",10.2,10.19,10.18,10.17,10.16,10.21,10.22,10.23,10.24,10.25,338,2111,2422,2715,3711,511,2209,3450,1909,1200
"sz",1,20141017,95009,10.2,7,187520,184,"S",10.2,10.19,10.18,10.17,10.16,10.21,10.22,10.23,10.24,10.25,389,2111,2422,2715,3711,349,2209,3450,1884,1219
"sz",1,20141017,95012,10.21,4,189912,186,"B",10.2,10.19,10.18,10.17,10.16,10.21,10.22,10.23,10.24,10.25,598,2111,2422,2662,3711,163,2209,3441,1884,1200
"sz",1,20141017,95015,10.2,16,249952,245,"S",10.2,10.19,10.18,10.17,10.16,10.21,10.22,10.23,10.24,10.25,950,2111,2422,2662,3711,175,2209,3441,1884,1200
"sz",1,20141017,95018,10.21,2,45944,45,"B",10.2,10.19,10.18,10.17,10.16,10.21,10.22,10.23,10.24,10.25,1005,2111,2422,2662,3691,160,2225,3441,1884,1200
"sz",1,20141017,95024,10.21,18,203872,200,"B",10.21,10.2,10.19,10.18,10.17,10.22,10.23,10.24,10.25,10.26,17,1206,2111,2432,2662,2445,3441,1884,1588,2293
"sz",1,20141017,95028,10.2,13,721664,707,"S",10.2,10.19,10.18,10.17,10.16,10.21,10.22,10.23,10.24,10.25,544,2111,2432,2662,3711,90,2423,3441,1884,1588
"sz",1,20141017,95030,10.21,3,4080,4,"B",10.2,10.19,10.18,10.17,10.16,10.21,10.22,10.23,10.24,10.25,574,2111,2432,2662,3711,213,2457,3441,1884,1588
"sz",1,20141017,95033,10.21,4,93936,92,"B",10.2,10.19,10.18,10.17,10.16,10.21,10.22,10.23,10.24,10.25,593,2111,2432,2653,3711,121,2459,3441,1884,1588
"sz",1,20141017,95037,10.21,3,175104,172,"B",10.21,10.2,10.19,10.18,10.17,10.22,10.23,10.24,10.25,10.26,92,864,2111,2432,2653,2440,3441,1884,1588,2293
"sz",1,20141017,95039,10.21,10,229720,225,"S",10.21,10.2,10.19,10.18,10.17,10.22,10.23,10.24,10.25,10.26,129,1113,2106,2434,2648,2445,3441,1884,1588,2293
"sz",1,20141017,95042,10.21,10,133240,130,"S",10.2,10.19,10.18,10.17,10.16,10.21,10.22,10.23,10.24,10.25,1143,2106,2434,2648,3731,41,2495,3441,1884,1588
"sz",1,20141017,95046,10.21,7,62288,61,"B",10.2,10.19,10.18,10.17,10.16,10.21,10.22,10.23,10.24,10.25,1145,2126,2462,2648,3731,34,2420,3441,1884,1588
"sz",1,20141017,95049,10.21,3,86576,85,"B",10.21,10.2,10.19,10.18,10.17,10.22,10.23,10.24,10.25,10.26,34,1145,2126,2462,2648,2420,3441,1884,1588,2293
"sz",1,20141017,95050,10.21,5,75552,74,"S",10.21,10.2,10.19,10.18,10.17,10.22,10.23,10.24,10.25,10.26,29,1195,2126,2292,2648,2420,3441,1884,1588,2293
"sz",1,20141017,95054,10.22,1,10224,10,"B",10.21,10.2,10.19,10.18,10.17,10.22,10.23,10.24,10.25,10.26,171,1615,2126,2292,2648,2410,3441,1884,1588,2293
"sz",1,20141017,95057,10.21,1,1016,1,"S",10.21,10.2,10.19,10.18,10.17,10.22,10.23,10.24,10.25,10.26,231,1635,2126,2292,2648,2439,3441,1884,1588,2293
"sz",1,20141017,95101,10.21,7,229888,225,"S",10.21,10.2,10.19,10.18,10.17,10.22,10.23,10.24,10.25,10.26,165,1635,2087,2292,2648,2279,3441,1884,1588,2293
"sz",1,20141017,95104,10.21,12,416816,408,"S",10.2,10.19,10.18,10.17,10.16,10.21,10.22,10.23,10.24,10.25,1635,2087,2292,2648,3756,181,2497,3441,1884,1573
"sz",1,20141017,95106,10.22,4,247944,243,"B",10.21,10.2,10.19,10.18,10.17,10.22,10.23,10.24,10.25,10.26,72,1663,2092,2292,2648,2466,3441,1884,1578,2293
"sz",1,20141017,95110,10.2,11,310648,304,"S",10.21,10.2,10.19,10.18,10.17,10.22,10.23,10.24,10.25,10.26,9,1661,2092,2292,2653,2393,3441,1884,1578,2293
"sz",1,20141017,95112,10.21,1,9192,9,"S",10.2,10.19,10.18,10.17,10.16,10.21,10.22,10.23,10.24,10.25,1661,2092,2274,2653,3756,41,2405,3441,1884,1578
"sz",1,20141017,95116,10.21,8,100072,98,"B",10.21,10.2,10.19,10.18,10.17,10.22,10.23,10.24,10.25,10.26,5,1711,2092,2274,2653,2386,3441,1884,1578,2293
"sz",1,20141017,95119,10.21,5,54120,53,"S",10.21,10.2,10.19,10.18,10.17,10.22,10.23,10.24,10.25,10.26,277,1711,2092,2274,2653,2396,3441,2177,1578,2293
"sz",1,20141017,95122,10.21,4,52080,51,"S",10.21,10.2,10.19,10.18,10.17,10.22,10.23,10.24,10.25,10.26,241,1711,2092,2274,2653,2402,3441,2177,1578,2293
"sz",1,20141017,95125,10.21,8,256272,251,"S",10.2,10.19,10.18,10.17,10.16,10.21,10.22,10.23,10.24,10.25,1721,2092,2274,2653,3756,49,2398,3441,2177,1653
"sz",1,20141017,95127,10.21,4,74512,73,"B",10.21,10.2,10.19,10.18,10.17,10.22,10.23,10.24,10.25,10.26,6,1702,2092,2224,2653,2443,3441,2177,1653,2293
"sz",1,20141017,95131,10.22,7,108312,106,"B",10.2,10.19,10.18,10.17,10.16,10.21,10.22,10.23,10.24,10.25,1854,2092,2224,2653,3766,19,2457,3441,2188,1672
"sz",1,20141017,95133,10.22,7,260592,255,"B",10.2,10.19,10.18,10.17,10.16,10.21,10.22,10.23,10.24,10.25,1854,2092,2224,2653,3766,19,2231,3441,2188,1653
"sz",1,20141017,95137,10.21,2,19400,19,"B",10.21,10.2,10.19,10.18,10.17,10.22,10.23,10.24,10.25,10.26,631,1885,2092,2224,2658,2241,3446,2189,1653,2314
"sz",1,20141017,95139,10.21,1,2040,2,"S",10.21,10.2,10.19,10.18,10.17,10.22,10.23,10.24,10.25,10.26,3598,1885,2092,2224,2658,2245,3446,2189,1653,2314
"sz",1,20141017,95143,10.21,3,34712,34,"S",10.21,10.2,10.19,10.18,10.17,10.22,10.23,10.24,10.25,10.26,3564,1969,2092,2224,2658,2245,3446,2289,1683,2314
"sz",1,20141017,95146,10.21,4,215432,211,"S",10.21,10.2,10.19,10.18,10.17,10.22,10.23,10.24,10.25,10.26,3382,1969,2092,2224,2658,2908,3446,2289,1683,2314
"sz",1,20141017,95149,10.21,4,36040,36,"S",10.21,10.2,10.19,10.18,10.17,10.22,10.23,10.24,10.25,10.26,3375,1969,2092,2224,2658,2952,3446,2289,1705,2314
"sz",1,20141017,95152,10.21,3,158400,155,"S",10.21,10.2,10.19,10.18,10.17,10.22,10.23,10.24,10.25,10.26,3389,1969,2083,2224,2658,2802,3446,2289,1705,2314
"sz",1,20141017,95154,10.21,10,263672,258,"S",10.21,10.2,10.19,10.18,10.17,10.22,10.23,10.24,10.25,10.26,3379,1950,2083,2224,2658,2663,3446,2289,1705,2314
"sz",1,20141017,95158,10.22,13,477272,467,"B",10.21,10.2,10.19,10.18,10.17,10.22,10.23,10.24,10.25,10.26,3386,1915,2048,2224,2658,2020,3446,2289,1705,2314
"sz",1,20141017,95200,10.22,2,15328,15,"B",10.21,10.2,10.19,10.18,10.17,10.22,10.23,10.24,10.25,10.26,3407,1925,2048,2224,2658,2050,3446,2289,1705,2314
"sz",1,20141017,95203,10.21,2,46960,46,"S",10.21,10.2,10.19,10.18,10.17,10.22,10.23,10.24,10.25,10.26,3362,2025,2048,2224,2678,2319,3446,2319,1805,2314
"sz",1,20141017,95206,10.22,6,161472,158,"B",10.21,10.2,10.19,10.18,10.17,10.22,10.23,10.24,10.25,10.26,3355,2025,2048,2224,2678,1941,3456,2319,1805,2314
"sz",1,20141017,95209,10.22,7,152272,149,"B",10.21,10.2,10.19,10.18,10.17,10.22,10.23,10.24,10.25,10.26,3381,2051,2048,2239,2678,1995,3456,2319,1815,2314
"sz",1,20141017,95212,10.21,8,362808,355,"S",10.21,10.2,10.19,10.18,10.17,10.22,10.23,10.24,10.25,10.26,3374,2081,2048,2239,2678,2233,3456,2319,1815,2314
"sz",1,20141017,95216,10.22,2,211360,207,"B",10.21,10.2,10.19,10.18,10.17,10.22,10.23,10.24,10.25,10.26,3179,2081,2048,2239,2678,2236,3456,2319,1815,2314
"sz",1,20141017,95218,10.21,2,34712,34,"S",10.21,10.2,10.19,10.18,10.17,10.22,10.23,10.24,10.25,10.26,3152,2050,2048,2189,2668,2301,3456,2319,1820,2314
"sz",1,20141017,95221,10.22,4,62344,61,"B",10.21,10.2,10.19,10.18,10.17,10.22,10.23,10.24,10.25,10.26,3166,2050,2048,2189,2668,2251,3456,2319,1620,2314
"sz",1,20141017,95225,10.22,2,55192,54,"B",10.21,10.2,10.19,10.18,10.17,10.22,10.23,10.24,10.25,10.26,3184,2060,2048,2189,2668,2231,3266,2319,1620,2314
"sz",1,20141017,95227,10.22,7,33720,33,"B",10.21,10.2,10.19,10.18,10.17,10.22,10.23,10.24,10.25,10.26,3284,2094,2048,2189,2668,2259,3266,2319,1615,2314
"sz",1,20141017,95230,10.21,2,30632,30,"S",10.21,10.2,10.19,10.18,10.17,10.22,10.23,10.24,10.25,10.26,3254,2094,2048,2189,2668,2259,3292,2319,1620,2314
"sz",1,20141017,95234,10.22,1,31680,31,"B",10.21,10.2,10.19,10.18,10.17,10.22,10.23,10.24,10.25,10.26,3251,2097,2048,2209,2668,2228,3342,2319,1648,2314
"sz",1,20141017,95237,10.22,3,72568,71,"B",10.21,10.2,10.19,10.18,10.17,10.22,10.23,10.24,10.25,10.26,3251,2200,2053,2200,2668,2402,3342,2329,1665,2314
"sz",1,20141017,95239,10.22,10,178816,175,"B",10.21,10.2,10.19,10.18,10.17,10.22,10.23,10.24,10.25,10.26,3221,2200,2053,2200,2668,2300,3341,2329,1855,2314
"sz",1,20141017,95242,10.21,11,1443800,1414,"S",10.21,10.2,10.19,10.18,10.17,10.22,10.23,10.24,10.25,10.26,2002,2200,2053,2152,2658,2196,3341,2329,1865,2314
"sz",1,20141017,95245,10.22,1,1024,1,"B",10.21,10.2,10.19,10.18,10.17,10.22,10.23,10.24,10.25,10.26,2012,2200,2053,2152,2678,2200,3341,2329,1865,2314
"sz",1,20141017,95248,10.22,8,103792,101,"B",10.21,10.2,10.19,10.18,10.17,10.22,10.23,10.24,10.25,10.26,1973,2200,2053,2292,2678,2207,3341,2329,1865,2314
"sz",1,20141017,95252,10.21,3,59272,58,"S",10.21,10.2,10.19,10.18,10.17,10.22,10.23,10.24,10.25,10.26,1952,2230,2053,2292,2698,2155,3341,2329,1875,2314
"sz",1,20141017,95254,10.21,5,108560,107,"S",10.21,10.2,10.19,10.18,10.17,10.22,10.23,10.24,10.25,10.26,1885,2230,2053,2292,2698,2115,3341,2337,1875,2314
"sz",1,20141017,95257,10.22,5,82472,80,"B",10.21,10.2,10.19,10.18,10.17,10.22,10.23,10.24,10.25,10.26,1820,2383,2023,2292,2698,2110,3341,2337,1877,2314
"sz",1,20141017,95300,10.22,6,406704,398,"B",10.21,10.2,10.19,10.18,10.17,10.22,10.23,10.24,10.25,10.26,1769,2383,2023,2272,2198,2650,3341,2337,1877,2314
"sz",1,20141017,95304,10.21,3,20432,20,"S",10.21,10.2,10.19,10.18,10.17,10.22,10.23,10.24,10.25,10.26,1964,2433,2023,2272,2198,3595,3441,2337,1877,2324
"sz",1,20141017,95307,10.22,6,1434584,1405,"B",10.21,10.2,10.19,10.18,10.17,10.22,10.23,10.24,10.25,10.26,634,2453,2023,2272,2198,3490,3451,2334,1877,2374
"sz",1,20141017,95309,10.22,2,96064,94,"B",10.21,10.2,10.19,10.18,10.17,10.22,10.23,10.24,10.25,10.26,634,2453,2023,2272,2198,3611,3451,2334,1877,2374
"sz",1,20141017,95313,10.22,3,42928,42,"B",10.21,10.2,10.19,10.18,10.17,10.22,10.23,10.24,10.25,10.26,634,2453,2023,2272,2198,3610,3451,2334,1877,2374
"sz",1,20141017,95315,10.21,2,15320,15,"S",10.21,10.2,10.19,10.18,10.17,10.22,10.23,10.24,10.25,10.26,640,2453,2023,2272,2215,3627,3422,2334,1877,2374
"sz",1,20141017,95318,10.21,4,43912,43,"S",10.21,10.2,10.19,10.18,10.17,10.22,10.23,10.24,10.25,10.26,607,2493,2023,2272,2215,3667,3422,2334,1882,2374
"sz",1,20141017,95322,10.22,10,277984,272,"B",10.21,10.2,10.19,10.18,10.17,10.22,10.23,10.24,10.25,10.26,612,2493,2023,2272,2215,3395,3422,2334,1932,2374
"sz",1,20141017,95324,10.22,11,95976,94,"B",10.21,10.2,10.19,10.18,10.17,10.22,10.23,10.24,10.25,10.26,520,2493,2023,2272,2215,3573,3422,2334,1932,2374
"sz",1,20141017,95328,10.21,15,319784,313,"S",10.21,10.2,10.19,10.18,10.17,10.22,10.23,10.24,10.25,10.26,471,2543,1977,2272,2210,3373,3412,2321,1932,2378
"sz",1,20141017,95330,10.22,5,128648,126,"B",10.21,10.2,10.19,10.18,10.17,10.22,10.23,10.24,10.25,10.26,640,2543,1977,2272,2210,3458,3412,2321,1932,2378
"sz",1,20141017,95334,10.21,2,20416,20,"S",10.21,10.2,10.19,10.18,10.17,10.22,10.23,10.24,10.25,10.26,639,3247,1977,2272,2210,3458,3412,2321,1932,2378
"sz",1,20141017,95337,10.21,1,15320,15,"S",10.21,10.2,10.19,10.18,10.17,10.22,10.23,10.24,10.25,10.26,881,3247,1977,2322,2210,3463,3412,2321,1942,2378
"sz",1,20141017,95340,10.21,7,207264,203,"S",10.21,10.2,10.19,10.18,10.17,10.22,10.23,10.24,10.25,10.26,873,3253,1994,2322,2210,3458,3412,2321,1942,2378
"sz",1,20141017,95342,10.22,3,324960,318,"B",10.21,10.2,10.19,10.18,10.17,10.22,10.23,10.24,10.25,10.26,838,3253,1994,2322,2210,3276,3415,2321,1942,2378
"sz",1,20141017,95346,10.22,10,66376,65,"B",10.21,10.2,10.19,10.18,10.17,10.22,10.23,10.24,10.25,10.26,899,3253,1994,2322,2210,3290,3415,2321,1942,2378
"sz",1,20141017,95349,10.21,9,192240,189,"S",10.21,10.2,10.19,10.18,10.17,10.22,10.23,10.24,10.25,10.26,710,3253,1994,2362,2210,3291,3415,2321,1939,2378
"sz",1,20141017,95351,10.22,2,44968,44,"B",10.21,10.2,10.19,10.18,10.17,10.22,10.23,10.24,10.25,10.26,710,3253,1994,2362,2210,3276,3415,2321,1939,2378
"sz",1,20141017,95354,10.22,7,438040,429,"B",10.21,10.2,10.19,10.18,10.17,10.22,10.23,10.24,10.25,10.26,320,3253,1994,2362,2210,3276,3415,2321,1913,2408
"sz",1,20141017,95357,10.21,4,71520,70,"S",10.21,10.2,10.19,10.18,10.17,10.22,10.23,10.24,10.25,10.26,330,3233,1994,2362,2161,3240,3405,2339,1913,2408
"sz",1,20141017,95400,10.22,5,226664,222,"B",10.21,10.2,10.19,10.18,10.17,10.22,10.23,10.24,10.25,10.26,210,3233,1994,2362,2161,3243,3405,2339,1913,2408
"sz",1,20141017,95403,10.22,2,51072,50,"B",10.21,10.2,10.19,10.18,10.17,10.22,10.23,10.24,10.25,10.26,230,3483,1994,2362,2161,3223,3405,2339,1913,2408
"sz",1,20141017,95407,10.22,9,120536,118,"B",10.21,10.2,10.19,10.18,10.17,10.22,10.23,10.24,10.25,10.26,168,3460,1994,2362,2161,3200,569,2339,1913,2408
"sz",1,20141017,95410,10.22,7,96064,94,"B",10.21,10.2,10.19,10.18,10.17,10.22,10.23,10.24,10.25,10.26,208,3460,1994,2362,2061,3226,569,2339,1913,2408
"sz",1,20141017,95412,10.21,6,258544,253,"S",10.21,10.2,10.19,10.18,10.17,10.22,10.23,10.24,10.25,10.26,246,3486,1994,2362,2061,2991,569,2339,1913,2408
"sz",1,20141017,95416,10.21,8,123544,121,"S",10.21,10.2,10.19,10.18,10.17,10.22,10.23,10.24,10.25,10.26,81,3491,1971,2362,2061,3081,569,2339,1913,2412
"sz",1,20141017,95418,10.21,5,286904,281,"S",10.2,10.19,10.18,10.17,10.16,10.21,10.22,10.23,10.24,10.25,3511,1971,2362,2061,3651,631,3083,569,2339,1913
"sz",1,20141017,95421,10.21,1,10208,10,"B",10.2,10.19,10.18,10.17,10.16,10.21,10.22,10.23,10.24,10.25,3510,1971,2362,2061,3651,632,3143,569,2339,1913
"sz",1,20141017,95424,10.21,1,4080,4,"B",10.2,10.19,10.18,10.17,10.16,10.21,10.22,10.23,10.24,10.25,3510,1971,2362,2061,3651,688,3124,624,2339,1913
"sz",1,20141017,95427,10.21,1,20424,20,"B",10.2,10.19,10.18,10.17,10.16,10.21,10.22,10.23,10.24,10.25,3510,1971,2362,2061,3651,698,3135,824,2339,1913
"sz",1,20141017,95430,10.21,2,81680,80,"B",10.2,10.19,10.18,10.17,10.16,10.21,10.22,10.23,10.24,10.25,3510,1896,2392,2061,3651,658,3135,824,2339,1913
"sz",1,20141017,95434,10.21,2,81680,80,"B",10.2,10.19,10.18,10.17,10.16,10.21,10.22,10.23,10.24,10.25,3520,1896,2397,2061,3651,583,3207,824,2339,1913
"sz",1,20141017,95437,10.21,2,80656,79,"B",10.2,10.19,10.18,10.17,10.16,10.21,10.22,10.23,10.24,10.25,3565,1896,2397,2061,3651,524,3207,824,2339,2213
"sz",1,20141017,95440,10.2,7,438920,430,"S",10.2,10.19,10.18,10.17,10.16,10.21,10.22,10.23,10.24,10.25,3545,1896,2397,2061,3651,269,3312,824,2339,2213
"sz",1,20141017,95443,10.21,49,2943752,2886,"B",10.2,10.19,10.18,10.17,10.16,10.21,10.22,10.23,10.24,10.25,739,1896,2397,2061,3651,522,3312,824,2309,2213
"sz",1,20141017,95445,10.21,7,102104,100,"B",10.2,10.19,10.18,10.17,10.16,10.21,10.22,10.23,10.24,10.25,739,1906,2397,2020,3651,422,3342,824,2309,2213
"sz",1,20141017,95449,10.2,1,30600,30,"S",10.2,10.19,10.18,10.17,10.16,10.21,10.22,10.23,10.24,10.25,710,1906,2397,2020,3656,492,3457,819,2309,2213
"sz",1,20141017,95451,10.2,20,1160408,1137,"S",10.19,10.18,10.17,10.16,10.15,10.2,10.21,10.22,10.23,10.24,1905,2397,2000,3656,2954,968,513,3437,824,2309
"sz",1,20141017,95455,10.2,1,5104,5,"B",10.19,10.18,10.17,10.16,10.15,10.2,10.21,10.22,10.23,10.24,1905,2465,2000,3656,2954,963,513,3437,834,2309
"sz",1,20141017,95504,10.2,2,66296,65,"B",10.19,10.18,10.17,10.16,10.15,10.2,10.21,10.22,10.23,10.24,1905,2468,2000,3656,2954,918,817,3393,758,2309
"sz",1,20141017,95506,10.2,2,334248,328,"B",10.19,10.18,10.17,10.16,10.15,10.2,10.21,10.22,10.23,10.24,1587,2400,2000,3656,2954,828,817,3428,758,2309
"sz",1,20141017,95509,10.2,3,176400,173,"B",10.19,10.18,10.17,10.16,10.15,10.2,10.21,10.22,10.23,10.24,1527,2400,2000,3656,2954,762,811,3458,758,2319
"sz",1,20141017,95513,10.2,1,3056,3,"B",10.19,10.18,10.17,10.16,10.15,10.2,10.21,10.22,10.23,10.24,1502,2410,2000,3656,2954,774,811,3478,758,2319
"sz",1,20141017,95515,10.2,2,138624,136,"B",10.19,10.18,10.17,10.16,10.15,10.2,10.21,10.22,10.23,10.24,1407,2410,2000,3656,3032,738,821,3478,758,2319
"sz",1,20141017,95519,10.2,3,141776,139,"B",10.19,10.18,10.17,10.16,10.15,10.2,10.21,10.22,10.23,10.24,1427,2410,2068,3656,3032,599,821,3458,758,2319
"sz",1,20141017,95521,10.2,3,131584,129,"B",10.19,10.18,10.17,10.16,10.15,10.2,10.21,10.22,10.23,10.24,1447,2410,2068,3656,3032,1596,821,3458,758,2319
"sz",1,20141017,95525,10.2,8,207000,203,"B",10.19,10.18,10.17,10.16,10.15,10.2,10.21,10.22,10.23,10.24,1401,2410,2068,3636,3032,1464,824,3458,758,2319
"sz",1,20141017,95528,10.2,2,52024,51,"B",10.19,10.18,10.17,10.16,10.15,10.2,10.21,10.22,10.23,10.24,1401,2410,2068,3636,3032,1512,752,3505,803,2319
"sz",1,20141017,95533,10.19,6,62192,61,"S",10.19,10.18,10.17,10.16,10.15,10.2,10.21,10.22,10.23,10.24,1403,2400,2068,3636,3032,1579,752,3985,803,2319
"sz",1,20141017,95537,10.2,13,542640,532,"B",10.19,10.18,10.17,10.16,10.15,10.2,10.21,10.22,10.23,10.24,1453,2400,2068,3626,3032,1052,752,3985,1103,2319
"sz",1,20141017,95543,10.19,1,1424,2,"S",10.19,10.18,10.17,10.16,10.15,10.2,10.21,10.22,10.23,10.24,1422,2689,2068,3574,3032,1087,762,3985,1109,2319
"sz",1,20141017,95545,10.19,4,556128,545,"S",10.19,10.18,10.17,10.16,10.15,10.2,10.21,10.22,10.23,10.24,876,2689,2068,3574,3032,1123,762,3985,1109,2319
"sz",1,20141017,95552,10.19,8,166112,163,"S",10.19,10.18,10.17,10.16,10.15,10.2,10.21,10.22,10.23,10.24,749,2693,2068,3574,3032,1258,712,3977,1114,2319
"sz",1,20141017,95555,10.19,1,296,1,"S",10.19,10.18,10.17,10.16,10.15,10.2,10.21,10.22,10.23,10.24,761,2713,2063,3574,3032,1258,944,3912,1114,2319
"sz",1,20141017,95558,10.19,1,20384,20,"S",10.19,10.18,10.17,10.16,10.15,10.2,10.21,10.22,10.23,10.24,741,2673,2063,3574,3032,1269,969,3912,1114,2369
"sz",1,20141017,95600,10.2,5,73384,72,"B",10.19,10.18,10.17,10.16,10.15,10.2,10.21,10.22,10.23,10.24,791,2610,2079,3574,3032,1255,969,3902,1114,2369
"sz",1,20141017,95604,10.2,3,122384,120,"B",10.19,10.18,10.17,10.16,10.15,10.2,10.21,10.22,10.23,10.24,881,2590,2079,3574,3032,1044,969,3897,1114,2369
"sz",1,20141017,95610,10.19,8,294584,289,"S",10.19,10.18,10.17,10.16,10.15,10.2,10.21,10.22,10.23,10.24,804,2590,2079,3574,3032,960,969,3923,1189,2369
"sz",1,20141017,95612,10.2,1,11224,11,"B",10.19,10.18,10.17,10.16,10.15,10.2,10.21,10.22,10.23,10.24,806,2590,2079,3574,3032,952,989,3927,1189,2369
"sz",1,20141017,95619,10.19,6,157944,155,"S",10.19,10.18,10.17,10.16,10.15,10.2,10.21,10.22,10.23,10.24,781,2610,2079,3574,3299,995,1018,3917,1134,2369
"sz",1,20141017,95625,10.2,1,10200,10,"B",10.19,10.18,10.17,10.16,10.15,10.2,10.21,10.22,10.23,10.24,846,2620,2079,3564,3299,1003,1055,3921,1120,2369
"sz",1,20141017,95631,10.19,3,20384,20,"S",10.19,10.18,10.17,10.16,10.15,10.2,10.21,10.22,10.23,10.24,841,2610,2079,3564,3299,1003,1055,3918,1120,2369
"sz",1,20141017,95636,10.19,3,297832,292,"S",10.19,10.18,10.17,10.16,10.15,10.2,10.21,10.22,10.23,10.24,836,2640,2062,3564,3299,760,1455,3878,1120,2369
"sz",1,20141017,95639,10.2,1,2040,2,"B",10.19,10.18,10.17,10.16,10.15,10.2,10.21,10.22,10.23,10.24,836,2650,2122,3564,3299,768,1455,3878,1120,2369
"sz",1,20141017,95642,10.2,13,561000,550,"B",10.19,10.18,10.17,10.16,10.15,10.2,10.21,10.22,10.23,10.24,853,2408,2122,3564,3299,260,1236,3878,1120,2369
"sz",1,20141017,95645,10.19,4,30568,30,"S",10.19,10.18,10.17,10.16,10.15,10.2,10.21,10.22,10.23,10.24,823,2408,2122,3564,3299,301,1236,3878,1120,2369
"sz",1,20141017,95649,10.19,4,66272,65,"S",10.19,10.18,10.17,10.16,10.15,10.2,10.21,10.22,10.23,10.24,835,2408,2122,3564,3299,481,1244,3878,1120,2369
"sz",1,20141017,95652,10.19,2,1312,1,"S",10.19,10.18,10.17,10.16,10.15,10.2,10.21,10.22,10.23,10.24,883,2831,2110,3564,3309,540,1244,3878,1120,2369
"sz",1,20141017,95655,10.19,5,17328,17,"S",10.19,10.18,10.17,10.16,10.15,10.2,10.21,10.22,10.23,10.24,899,2861,2110,3564,3309,575,1852,3868,1130,2369
"sz",1,20141017,95656,10.19,1,7128,7,"S",10.19,10.18,10.17,10.16,10.15,10.2,10.21,10.22,10.23,10.24,892,2861,2111,3574,3319,655,1852,3868,1130,2369
"sz",1,20141017,95700,10.2,1,1024,1,"B",10.19,10.18,10.17,10.16,10.15,10.2,10.21,10.22,10.23,10.24,1427,2851,2111,3574,3319,1429,1852,3868,1130,2369
"sz",1,20141017,95703,10.19,1,1016,1,"S",10.19,10.18,10.17,10.16,10.15,10.2,10.21,10.22,10.23,10.24,1476,2851,2111,3574,3319,1442,1726,3868,1130,2369
"sz",1,20141017,95706,10.2,9,94864,93,"B",10.19,10.18,10.17,10.16,10.15,10.2,10.21,10.22,10.23,10.24,1476,2851,2111,3574,3319,1356,1726,3868,1130,2369
"sz",1,20141017,95709,10.2,8,95880,94,"B",10.19,10.18,10.17,10.16,10.15,10.2,10.21,10.22,10.23,10.24,1476,2851,2111,3574,3332,1262,1726,3868,1130,2369
"sz",1,20141017,95718,10.19,5,50952,50,"S",10.19,10.18,10.17,10.16,10.15,10.2,10.21,10.22,10.23,10.24,1576,2890,2111,3574,3332,1731,1730,4288,1140,2369
"sz",1,20141017,95722,10.19,16,178320,175,"S",10.19,10.18,10.17,10.16,10.15,10.2,10.21,10.22,10.23,10.24,1451,2870,2111,3574,3223,1732,1730,4288,1140,2369
"sz",1,20141017,95725,10.19,5,152848,150,"S",10.19,10.18,10.17,10.16,10.15,10.2,10.21,10.22,10.23,10.24,1301,2870,2111,3574,3223,1807,1730,4278,1140,2369
"sz",1,20141017,95727,10.19,8,203904,200,"S",10.19,10.18,10.17,10.16,10.15,10.2,10.21,10.22,10.23,10.24,1236,2870,2111,3574,3223,1707,1730,4278,1140,2369
"sz",1,20141017,95730,10.19,11,223160,219,"S",10.19,10.18,10.17,10.16,10.15,10.2,10.21,10.22,10.23,10.24,1027,2870,2111,3574,3223,1703,1192,4278,1140,2369
"sz",1,20141017,95732,10.2,7,289680,284,"B",10.19,10.18,10.17,10.16,10.15,10.2,10.21,10.22,10.23,10.24,1026,2963,2111,3400,3223,1420,1192,4278,1140,2369
"sz",1,20141017,95736,10.2,1,1016,1,"B",10.19,10.18,10.17,10.16,10.15,10.2,10.21,10.22,10.23,10.24,1045,2966,2111,3400,3223,1419,1199,4278,1140,2369
"sz",1,20141017,95740,10.19,3,18344,18,"S",10.19,10.18,10.17,10.16,10.15,10.2,10.21,10.22,10.23,10.24,1027,2966,2111,3400,3223,1479,1199,4278,1140,2369
"sz",1,20141017,95742,10.19,4,59152,58,"S",10.19,10.18,10.17,10.16,10.15,10.2,10.21,10.22,10.23,10.24,1019,2966,2111,3400,3223,1438,1199,4278,1140,2369
"sz",1,20141017,95745,10.2,5,114144,112,"B",10.19,10.18,10.17,10.16,10.15,10.2,10.21,10.22,10.23,10.24,1002,2966,2111,3400,3323,1775,1199,4278,1140,2369
"sz",1,20141017,95751,10.19,3,80496,79,"S",10.19,10.18,10.17,10.16,10.15,10.2,10.21,10.22,10.23,10.24,923,2966,2124,3400,3323,1890,1869,4198,1140,2319
"sz",1,20141017,95754,10.19,2,4376,4,"S",10.19,10.18,10.17,10.16,10.15,10.2,10.21,10.22,10.23,10.24,939,2966,2124,3400,3323,1890,1869,4198,1140,2319
"sz",1,20141017,95758,10.19,2,54000,53,"S",10.19,10.18,10.17,10.16,10.15,10.2,10.21,10.22,10.23,10.24,986,2966,2204,3405,3333,1926,1869,4198,1140,2319
"sz",1,20141017,95804,10.19,13,999320,981,"S",10.18,10.17,10.16,10.15,10.14,10.19,10.2,10.21,10.22,10.23,2966,2204,3405,3333,3332,19,2060,1859,4199,1140
"sz",1,20141017,95807,10.19,2,12224,12,"B",10.18,10.17,10.16,10.15,10.14,10.19,10.2,10.21,10.22,10.23,2966,2204,3385,3337,3352,17,2110,1879,4199,1140
"sz",1,20141017,95808,10.2,5,116264,114,"B",10.18,10.17,10.16,10.15,10.14,10.19,10.2,10.21,10.22,10.23,3056,2204,3385,3337,3352,4,2024,1879,4199,1140
"sz",1,20141017,95813,10.2,2,15288,15,"B",10.19,10.18,10.17,10.16,10.15,10.2,10.21,10.22,10.23,10.24,24,3056,2205,3395,3337,2009,1879,4194,1140,2319
"sz",1,20141017,95816,10.19,4,29560,29,"S",10.18,10.17,10.16,10.15,10.14,10.19,10.2,10.21,10.22,10.23,2966,2205,3395,3337,3352,4,2011,1929,4194,1140
"sz",1,20141017,95818,10.19,3,5096,5,"B",10.18,10.17,10.16,10.15,10.14,10.19,10.2,10.21,10.22,10.23,2976,2205,3395,3337,3352,39,2002,1929,4194,1140
"sz",1,20141017,95822,10.19,3,29544,29,"B",10.18,10.17,10.16,10.15,10.14,10.19,10.2,10.21,10.22,10.23,2976,2205,3395,3337,3322,90,2002,1929,4194,1140
"sz",1,20141017,95824,10.19,4,22424,22,"B",10.18,10.17,10.16,10.15,10.14,10.19,10.2,10.21,10.22,10.23,2976,2205,3395,3337,3322,68,2002,1929,3304,1140
"sz",1,20141017,95827,10.18,6,87544,86,"S",10.18,10.17,10.16,10.15,10.14,10.19,10.2,10.21,10.22,10.23,2930,2206,3395,3298,3319,288,2002,1899,3304,1140
"sz",1,20141017,95830,10.19,4,294480,289,"B",10.19,10.18,10.17,10.16,10.15,10.2,10.21,10.22,10.23,10.24,768,2932,2206,3395,3298,2007,1899,3304,1140,2319
"sz",1,20141017,95833,10.2,1,11224,11,"B",10.19,10.18,10.17,10.16,10.15,10.2,10.21,10.22,10.23,10.24,868,2932,2206,3395,3298,1996,2399,3304,1140,2319
"sz",1,20141017,95837,10.19,7,892656,876,"S",10.18,10.17,10.16,10.15,10.14,10.19,10.2,10.21,10.22,10.23,2952,2206,3395,3310,3325,63,1996,2419,3304,1140
"sz",1,20141017,95844,10.19,1,50944,50,"B",10.18,10.17,10.16,10.15,10.14,10.19,10.2,10.21,10.22,10.23,2969,2706,3395,3310,3325,263,2213,2419,3304,1140
"sz",1,20141017,95851,10.19,8,93024,91,"B",10.18,10.17,10.16,10.15,10.14,10.19,10.2,10.21,10.22,10.23,2988,2706,3395,3310,3325,232,2355,2429,3304,1140
"sz",1,20141017,95857,10.19,8,239456,235,"B",10.19,10.18,10.17,10.16,10.15,10.2,10.21,10.22,10.23,10.24,23,3095,2711,3401,3310,2355,2429,3304,1140,2308
"sz",1,20141017,95903,10.19,4,25480,25,"S",10.19,10.18,10.17,10.16,10.15,10.2,10.21,10.22,10.23,10.24,4,3159,2711,3393,3310,2376,2429,3329,1140,2308
"sz",1,20141017,95907,10.19,5,105984,104,"S",10.18,10.17,10.16,10.15,10.14,10.19,10.2,10.21,10.22,10.23,3159,2711,3393,3368,3325,0,2386,2429,3329,1140
"sz",1,20141017,95909,10.19,12,981224,962,"B",10.19,10.18,10.17,10.16,10.15,10.2,10.21,10.22,10.23,10.24,271,3159,2711,3393,3368,1477,2429,3329,1140,2308
"sz",1,20141017,95911,10.19,2,101896,100,"S",10.19,10.18,10.17,10.16,10.15,10.2,10.21,10.22,10.23,10.24,171,3159,2711,3393,3368,1477,2429,3329,1140,2308
"sz",1,20141017,95915,10.19,2,35424,35,"S",10.19,10.18,10.17,10.16,10.15,10.2,10.21,10.22,10.23,10.24,329,3169,2711,3393,3368,1482,2429,3329,1140,2347
"sz",1,20141017,95918,10.19,2,21400,21,"S",10.19,10.18,10.17,10.16,10.15,10.2,10.21,10.22,10.23,10.24,308,3179,2714,3393,3368,1502,2429,3329,1140,2372
"sz",1,20141017,95922,10.19,6,272072,267,"S",10.19,10.18,10.17,10.16,10.15,10.2,10.21,10.22,10.23,10.24,41,3179,2714,3393,3368,1502,2429,3329,1140,2372
"sz",1,20141017,95924,10.19,4,42032,41,"S",10.18,10.17,10.16,10.15,10.14,10.19,10.2,10.21,10.22,10.23,3179,2888,3396,3384,3330,133,1503,2429,3329,1140
"sz",1,20141017,95927,10.19,2,4080,4,"B",10.18,10.17,10.16,10.15,10.14,10.19,10.2,10.21,10.22,10.23,3189,2888,3396,3384,3330,129,1503,2429,3329,1140
"sz",1,20141017,95930,10.2,7,476920,468,"B",10.19,10.18,10.17,10.16,10.15,10.2,10.21,10.22,10.23,10.24,407,3189,2891,3396,3284,1220,2429,3329,1140,2372
"sz",1,20141017,95933,10.19,6,119224,117,"S",10.19,10.18,10.17,10.16,10.15,10.2,10.21,10.22,10.23,10.24,340,3189,2891,3546,3294,1310,2429,3329,1140,2372
"sz",1,20141017,95936,10.19,1,81520,80,"S",10.19,10.18,10.17,10.16,10.15,10.2,10.21,10.22,10.23,10.24,283,3196,2891,3546,3284,1310,2429,3329,1140,2372
"sz",1,20141017,95940,10.19,9,267992,263,"S",10.19,10.18,10.17,10.16,10.15,10.2,10.21,10.22,10.23,10.24,30,3196,2891,3546,3284,1460,2429,3329,1140,2432
"sz",1,20141017,95941,10.19,1,10192,10,"S",10.19,10.18,10.17,10.16,10.15,10.2,10.21,10.22,10.23,10.24,21,3201,2891,3546,3284,1471,2429,3329,1140,2432
"sz",1,20141017,95945,10.19,1,5096,5,"S",10.19,10.18,10.17,10.16,10.15,10.2,10.21,10.22,10.23,10.24,16,3201,2891,3546,3284,1481,2429,3170,1140,2432
"sz",1,20141017,95948,10.19,4,49976,49,"S",10.19,10.18,10.17,10.16,10.15,10.2,10.21,10.22,10.23,10.24,21,3201,2891,3546,3284,1447,2429,3170,1142,2432
"sz",1,20141017,95954,10.2,10,35960,35,"B",10.19,10.18,10.17,10.16,10.15,10.2,10.21,10.22,10.23,10.24,137,3221,2891,3546,3290,1414,2429,3170,1142,2432
"sz",1,20141017,95957,10.19,2,7136,7,"S",10.19,10.18,10.17,10.16,10.15,10.2,10.21,10.22,10.23,10.24,130,3221,2891,3546,3290,1414,2429,3170,1142,2452
"sz",1,20141017,100001,10.19,2,61144,60,"S",10.19,10.18,10.17,10.16,10.15,10.2,10.21,10.22,10.23,10.24,96,3221,2891,3546,3290,1511,2429,3170,1142,2452
"sz",1,20141017,100004,10.19,3,58080,57,"S",10.19,10.18,10.17,10.16,10.15,10.2,10.21,10.22,10.23,10.24,43,3231,2891,3546,3296,1540,2429,3170,1142,2452
"sz",1,20141017,100006,10.19,5,126280,124,"S",10.18,10.17,10.16,10.15,10.14,10.19,10.2,10.21,10.22,10.23,3191,2891,3546,3296,3599,16,1560,2429,3170,1142
"sz",1,20141017,100010,10.2,3,95808,94,"B",10.18,10.17,10.16,10.15,10.14,10.19,10.2,10.21,10.22,10.23,3206,2891,3546,3296,3609,49,1537,2429,3170,1142
"sz",1,20141017,100016,10.19,4,59104,58,"B",10.19,10.18,10.17,10.16,10.15,10.2,10.21,10.22,10.23,10.24,61,3206,2891,3546,3296,1543,2499,3175,1142,2452
"sz",1,20141017,100019,10.19,6,82544,81,"S",10.19,10.18,10.17,10.16,10.15,10.2,10.21,10.22,10.23,10.24,589,3209,2891,3546,3296,1543,2499,3175,1142,2452
"sz",1,20141017,100025,10.19,2,25472,25,"S",10.19,10.18,10.17,10.16,10.15,10.2,10.21,10.22,10.23,10.24,584,3209,2891,3556,3296,1575,2499,3174,1142,2452
"sz",1,20141017,100030,10.19,5,845920,830,"S",10.19,10.18,10.17,10.16,10.15,10.2,10.21,10.22,10.23,10.24,56,3179,2881,3556,3296,1555,2799,3154,1142,2452
"sz",1,20141017,100033,10.18,2,73224,72,"S",10.18,10.17,10.16,10.15,10.14,10.19,10.2,10.21,10.22,10.23,3169,2881,3556,3296,3669,148,1597,2799,3154,1142
"sz",1,20141017,100036,10.19,2,12224,12,"B",10.18,10.17,10.16,10.15,10.14,10.19,10.2,10.21,10.22,10.23,3169,2881,3556,3296,3669,226,1631,2956,3154,1142
"sz",1,20141017,100040,10.18,9,236192,232,"S",10.18,10.17,10.16,10.15,10.14,10.19,10.2,10.21,10.22,10.23,2972,2876,3548,3296,3666,211,1651,2956,3154,1142
"sz",1,20141017,100044,10.19,2,92720,91,"B",10.18,10.17,10.16,10.15,10.14,10.19,10.2,10.21,10.22,10.23,2959,2892,3548,3356,3666,144,1649,2956,3154,1142
"sz",1,20141017,100049,10.18,2,8144,8,"S",10.18,10.17,10.16,10.15,10.14,10.19,10.2,10.21,10.22,10.23,2950,2892,3548,3339,3666,170,1649,2956,3154,1142
"sz",1,20141017,100051,10.18,4,107184,106,"S",10.18,10.17,10.16,10.15,10.14,10.19,10.2,10.21,10.22,10.23,2845,2892,3548,3389,3671,295,1654,2956,3055,1142
"sz",1,20141017,100054,10.18,2,21584,21,"S",10.18,10.17,10.16,10.15,10.14,10.19,10.2,10.21,10.22,10.23,2824,2892,3548,3349,3671,424,1650,2956,3055,1142
"sz",1,20141017,100057,10.19,5,255568,251,"B",10.18,10.17,10.16,10.15,10.14,10.19,10.2,10.21,10.22,10.23,2625,2892,3548,3341,3671,1385,1650,2956,3055,1142
"sz",1,20141017,100100,10.18,3,141544,139,"S",10.18,10.17,10.16,10.15,10.14,10.19,10.2,10.21,10.22,10.23,2123,2892,3548,3341,3671,1348,1650,2956,3055,1142
"sz",1,20141017,100108,10.19,6,95784,94,"B",10.18,10.17,10.16,10.15,10.14,10.19,10.2,10.21,10.22,10.23,2133,2892,3548,3341,3667,1427,1590,2956,3025,1142
"sz",1,20141017,100112,10.18,67,2171616,2133,"S",10.17,10.16,10.15,10.14,10.13,10.18,10.19,10.2,10.21,10.22,2892,3548,3341,3667,7506,884,1447,1590,2956,3040
"sz",1,20141017,100121,10.18,1,8144,8,"B",10.17,10.16,10.15,10.14,10.13,10.18,10.19,10.2,10.21,10.22,2902,3577,3341,3667,7506,879,1459,1690,2956,2926
"sz",1,20141017,100125,10.18,3,419416,412,"B",10.17,10.16,10.15,10.14,10.13,10.18,10.19,10.2,10.21,10.22,2922,3577,3341,3667,7506,483,1459,1690,2956,2926
"sz",1,20141017,100128,10.18,3,120112,118,"B",10.17,10.16,10.15,10.14,10.13,10.18,10.19,10.2,10.21,10.22,2912,3577,3341,3697,7506,375,1459,1740,2956,2926
"sz",1,20141017,100134,10.17,1,5088,5,"S",10.17,10.16,10.15,10.14,10.13,10.18,10.19,10.2,10.21,10.22,2937,3577,3341,3707,7506,567,1459,1758,2922,2926
"sz",1,20141017,100139,10.17,2,15256,15,"S",10.17,10.16,10.15,10.14,10.13,10.18,10.19,10.2,10.21,10.22,2977,3577,3341,3707,7506,581,1420,1843,2922,2926
"sz",1,20141017,100143,10.17,5,273576,269,"S",10.17,10.16,10.15,10.14,10.13,10.18,10.19,10.2,10.21,10.22,2708,3587,3203,3707,7506,606,1420,1843,2922,2926
"sz",1,20141017,100144,10.18,2,40704,40,"B",10.17,10.16,10.15,10.14,10.13,10.18,10.19,10.2,10.21,10.22,2698,3592,3203,3707,7506,576,1420,1843,2922,2926
"sz",1,20141017,100149,10.17,4,153576,151,"S",10.17,10.16,10.15,10.14,10.13,10.18,10.19,10.2,10.21,10.22,2552,3592,3193,3715,7506,582,1420,1853,2922,2926
"sz",1,20141017,100152,10.18,15,596248,586,"B",10.17,10.16,10.15,10.14,10.13,10.19,10.2,10.21,10.22,10.23,2567,3587,3193,3715,7506,1420,1853,2870,2926,1092
"sz",1,20141017,100155,10.17,3,101704,100,"S",10.17,10.16,10.15,10.14,10.13,10.18,10.19,10.2,10.21,10.22,2467,3587,3193,3740,7506,10,1400,1854,2870,2926
"sz",1,20141017,100158,10.17,4,75304,74,"S",10.17,10.16,10.15,10.14,10.13,10.18,10.19,10.2,10.21,10.22,2443,3650,3175,3758,7506,210,1400,1884,2870,2926
"sz",1,20141017,100201,10.17,10,99672,98,"S",10.17,10.16,10.15,10.14,10.13,10.18,10.19,10.2,10.21,10.22,2351,3650,3175,3743,7506,207,1400,1874,2870,2926
"sz",1,20141017,100206,10.17,3,132240,130,"S",10.17,10.16,10.15,10.14,10.13,10.18,10.19,10.2,10.21,10.22,2371,3650,3175,3773,7506,227,1362,1874,2870,2926
"sz",1,20141017,100209,10.18,6,231088,227,"B",10.17,10.16,10.15,10.14,10.13,10.19,10.2,10.21,10.22,10.23,2371,3650,3175,3773,7506,1362,1864,2870,2926,1092
"sz",1,20141017,100212,10.17,1,11184,11,"S",10.18,10.17,10.16,10.15,10.14,10.19,10.2,10.21,10.22,10.23,6,2360,3650,3175,3784,1362,1864,2713,2947,1092
"sz",1,20141017,100216,10.19,5,96808,95,"B",10.18,10.17,10.16,10.15,10.14,10.19,10.2,10.21,10.22,10.23,20,2376,3650,3175,3784,1267,1864,2713,2947,1092
"sz",1,20141017,100219,10.18,4,34608,34,"S",10.17,10.16,10.15,10.14,10.13,10.18,10.19,10.2,10.21,10.22,2390,3650,3175,3784,7570,52,1267,1859,2713,2947
"sz",1,20141017,100221,10.18,6,267208,262,"B",10.18,10.17,10.16,10.15,10.14,10.19,10.2,10.21,10.22,10.23,512,2395,3650,3175,3784,1265,1829,2713,2947,1092
"sz",1,20141017,100225,10.18,3,279944,275,"S",10.18,10.17,10.16,10.15,10.14,10.19,10.2,10.21,10.22,10.23,521,2401,3650,3175,3784,1265,1829,2713,2977,1092
"sz",1,20141017,100225,10.18,1,41744,41,"S",10.18,10.17,10.16,10.15,10.14,10.19,10.2,10.21,10.22,10.23,480,2421,3660,3175,3784,1265,1829,2713,2977,1092
"sz",1,20141017,100231,10.18,1,61088,60,"S",10.18,10.17,10.16,10.15,10.14,10.19,10.2,10.21,10.22,10.23,596,2461,3660,3175,3784,1365,1779,2713,2940,1092
"sz",1,20141017,100232,10.18,2,90592,89,"S",10.18,10.17,10.16,10.15,10.14,10.19,10.2,10.21,10.22,10.23,537,2461,3660,3175,3784,1365,1779,2713,2940,1092
"sz",1,20141017,100244,10.18,3,164912,162,"S",10.18,10.17,10.16,10.15,10.14,10.19,10.2,10.21,10.22,10.23,395,2491,3668,3185,3809,1365,1774,2713,2940,1100
"sz",1,20141017,100249,10.19,1,66240,65,"B",10.18,10.17,10.16,10.15,10.14,10.19,10.2,10.21,10.22,10.23,418,2501,3668,3190,3809,1300,1784,2713,2940,1100
"sz",1,20141017,100252,10.18,2,51200,50,"S",10.18,10.17,10.16,10.15,10.14,10.19,10.2,10.21,10.22,10.23,407,2501,3668,3190,3819,1300,1815,2713,2940,1100
"sz",1,20141017,100254,10.18,2,28496,28,"S",10.18,10.17,10.16,10.15,10.14,10.19,10.2,10.21,10.22,10.23,433,2601,3669,3190,3869,1300,1815,2713,2940,1100
"sz",1,20141017,100257,10.18,2,90608,89,"S",10.18,10.17,10.16,10.15,10.14,10.19,10.2,10.21,10.22,10.23,344,2601,3669,3200,3869,1326,1815,2713,2940,1100
"sz",1,20141017,100301,10.18,4,54480,54,"S",10.18,10.17,10.16,10.15,10.14,10.19,10.2,10.21,10.22,10.23,291,2672,3679,3250,3869,1321,1815,2713,2940,1100
"sz",1,20141017,100303,10.18,2,32576,32,"S",10.18,10.17,10.16,10.15,10.14,10.19,10.2,10.21,10.22,10.23,272,2682,3679,3250,3869,1549,1815,2713,2940,1100
"sz",1,20141017,100306,10.18,12,299488,294,"S",10.17,10.16,10.15,10.14,10.13,10.18,10.19,10.2,10.21,10.22,2695,3679,3250,3869,7593,89,1559,1815,2713,2940
"sz",1,20141017,100309,10.18,8,271744,267,"B",10.18,10.17,10.16,10.15,10.14,10.19,10.2,10.21,10.22,10.23,18,2694,3679,3250,3869,1494,1795,2713,2940,1100
"sz",1,20141017,100312,10.18,4,23424,23,"S",10.17,10.16,10.15,10.14,10.13,10.18,10.19,10.2,10.21,10.22,2714,3679,3250,3869,7593,78,1494,1795,2713,2940
"sz",1,20141017,100316,10.18,2,16288,16,"B",10.17,10.16,10.15,10.14,10.13,10.18,10.19,10.2,10.21,10.22,2714,3679,3250,3869,7593,63,1494,1765,2713,2940
"sz",1,20141017,100319,10.18,1,5088,5,"B",10.17,10.16,10.15,10.14,10.13,10.18,10.19,10.2,10.21,10.22,2709,3679,3250,3869,7593,2801,1504,1789,2713,2940
"sz",1,20141017,100321,10.17,5,351152,345,"S",10.17,10.16,10.15,10.14,10.13,10.18,10.19,10.2,10.21,10.22,2652,3679,3260,3869,7593,2508,1504,1789,2713,2940
"sz",1,20141017,100325,10.17,13,752576,740,"S",10.17,10.16,10.15,10.14,10.13,10.18,10.19,10.2,10.21,10.22,1912,3689,3260,3869,7593,2508,1504,1794,2713,2940
"sz",1,20141017,100327,10.17,2,13248,13,"S",10.17,10.16,10.15,10.14,10.13,10.18,10.19,10.2,10.21,10.22,1920,3689,3260,3869,7580,2502,1504,1660,2713,2940
"sz",1,20141017,100330,10.17,12,271536,267,"S",10.17,10.16,10.15,10.14,10.13,10.18,10.19,10.2,10.21,10.22,1683,3689,3260,3869,7580,2492,1521,1660,2713,2940
"sz",1,20141017,100334,10.17,11,678352,667,"S",10.17,10.16,10.15,10.14,10.13,10.18,10.19,10.2,10.21,10.22,1030,3689,3265,3869,7585,2478,1521,1660,2713,2940
"sz",1,20141017,100336,10.18,3,22304,22,"B",10.17,10.16,10.15,10.14,10.13,10.18,10.19,10.2,10.21,10.22,1018,3689,3265,3869,7585,2468,1521,1660,2713,2940
"sz",1,20141017,100339,10.17,36,1106816,1088,"S",10.16,10.15,10.14,10.13,10.12,10.17,10.18,10.19,10.2,10.21,3692,3255,3869,7585,3931,993,2487,1521,1641,2713
"sz",1,20141017,100343,10.17,2,51872,51,"B",10.16,10.15,10.14,10.13,10.12,10.17,10.18,10.19,10.2,10.21,3692,3255,3869,7589,3936,2580,2506,1521,1641,2713
"sz",1,20141017,100346,10.17,1,3040,3,"B",10.16,10.15,10.14,10.13,10.12,10.17,10.18,10.19,10.2,10.21,3682,3255,3869,7599,3936,2977,2538,1521,1641,2713
"sz",1,20141017,100348,10.17,1,9152,9,"B",10.16,10.15,10.14,10.13,10.12,10.17,10.18,10.19,10.2,10.21,3702,3255,3869,7599,3936,2968,2538,1521,1641,2713
"sz",1,20141017,100352,10.16,3,904272,890,"S",10.16,10.15,10.14,10.13,10.12,10.17,10.18,10.19,10.2,10.21,2910,3255,3869,7599,3936,2963,2548,1515,1641,2713
"sz",1,20141017,100354,10.16,4,350944,346,"S",10.16,10.15,10.14,10.13,10.12,10.17,10.18,10.19,10.2,10.21,2694,3255,3871,7594,3936,2843,2529,1515,1651,2713
"sz",1,20141017,100358,10.16,4,373184,367,"S",10.16,10.15,10.14,10.13,10.12,10.17,10.18,10.19,10.2,10.21,2744,3255,3871,7594,3936,2380,2529,1515,1651,2713
"sz",1,20141017,100401,10.16,4,337312,332,"S",10.16,10.15,10.14,10.13,10.12,10.17,10.18,10.19,10.2,10.21,2412,3255,3878,7594,3936,2380,2530,1515,1651,2713
"sz",1,20141017,100403,10.17,16,1170496,1152,"B",10.16,10.15,10.14,10.13,10.12,10.17,10.18,10.19,10.2,10.21,1325,3255,3878,7594,3936,2317,2530,1515,1673,2713
"sz",1,20141017,100406,10.17,3,189600,186,"B",10.16,10.15,10.14,10.13,10.12,10.17,10.18,10.19,10.2,10.21,1220,3255,3878,7594,3936,2346,2530,1515,1673,2713
"sz",1,20141017,100408,10.17,3,120992,119,"B",10.16,10.15,10.14,10.13,10.12,10.17,10.18,10.19,10.2,10.21,1207,4255,3878,7594,3936,2252,2530,1515,1673,2713
"sz",1,20141017,100413,10.17,12,279536,275,"B",10.16,10.15,10.14,10.13,10.12,10.17,10.18,10.19,10.2,10.21,1063,4258,3863,7594,3936,2121,2530,1515,1673,2713
"sz",1,20141017,100415,10.17,7,318112,313,"B",10.16,10.15,10.14,10.13,10.12,10.17,10.18,10.19,10.2,10.21,866,4258,4063,7594,3936,2007,2524,1515,1673,2713
"sz",1,20141017,100418,10.17,23,766400,754,"B",10.16,10.15,10.14,10.13,10.12,10.17,10.18,10.19,10.2,10.21,967,4294,4048,7594,4018,1702,2524,1515,1673,2713
"sz",1,20141017,100428,10.17,8,150400,148,"B",10.16,10.15,10.14,10.13,10.12,10.17,10.18,10.19,10.2,10.21,890,4294,4048,7609,4094,1672,2534,1515,1668,2713
"sz",1,20141017,100430,10.16,3,25392,25,"S",10.16,10.15,10.14,10.13,10.12,10.17,10.18,10.19,10.2,10.21,915,4294,4053,7609,4094,1672,2634,1515,1668,2713
"sz",1,20141017,100434,10.16,18,330208,325,"S",10.16,10.15,10.14,10.13,10.12,10.17,10.18,10.19,10.2,10.21,590,4294,4053,7609,4094,1725,2634,1108,1668,2913
"sz",1,20141017,100439,10.16,3,66032,65,"S",10.16,10.15,10.14,10.13,10.12,10.17,10.18,10.19,10.2,10.21,985,4304,4053,7609,4100,1735,2634,1108,1668,2913
"sz",1,20141017,100443,10.16,13,1143184,1125,"S",10.15,10.14,10.13,10.12,10.11,10.16,10.17,10.18,10.19,10.2,4304,4063,7612,4100,2643,96,1735,2654,1108,1668
"sz",1,20141017,100449,10.15,2,20304,20,"S",10.15,10.14,10.13,10.12,10.11,10.16,10.17,10.18,10.19,10.2,4366,4073,7612,4150,2643,86,1792,2676,1108,1668
"sz",1,20141017,100451,10.16,4,88320,87,"B",10.16,10.15,10.14,10.13,10.12,10.17,10.18,10.19,10.2,10.21,119,4470,4073,7514,4146,1792,2676,1108,1668,2913
"sz",1,20141017,100457,10.16,3,109936,109,"S",10.16,10.15,10.14,10.13,10.12,10.17,10.18,10.19,10.2,10.21,71,4471,4066,7540,4146,1773,2676,1108,1668,2933
"sz",1,20141017,100500,10.16,6,26416,26,"S",10.16,10.15,10.14,10.13,10.12,10.17,10.18,10.19,10.2,10.21,96,4524,4066,7540,4146,1773,2676,1108,1634,2933
"sz",1,20141017,100503,10.17,1,15248,15,"B",10.16,10.15,10.14,10.13,10.12,10.17,10.18,10.19,10.2,10.21,146,4524,4061,7540,4168,1758,2676,1108,1634,2933
"sz",1,20141017,100507,10.16,5,148512,146,"S",10.15,10.14,10.13,10.12,10.11,10.16,10.17,10.18,10.19,10.2,4553,4053,7560,4168,2643,57,1768,2676,1108,1499
"sz",1,20141017,100508,10.17,4,290800,286,"B",10.16,10.15,10.14,10.13,10.12,10.17,10.18,10.19,10.2,10.21,1,4493,4053,7560,4168,1539,2666,1108,1499,2933
"sz",1,20141017,100512,10.17,2,13216,13,"B",10.16,10.15,10.14,10.13,10.12,10.17,10.18,10.19,10.2,10.21,52,4493,4053,7560,4168,1526,2666,1108,1499,2933
"sz",1,20141017,100515,10.16,9,151392,149,"S",10.15,10.14,10.13,10.12,10.11,10.16,10.17,10.18,10.19,10.2,4498,4083,7560,4168,2643,12,1526,2666,1108,1499
"sz",1,20141017,100517,10.17,3,288816,284,"B",10.15,10.14,10.13,10.12,10.11,10.17,10.18,10.19,10.2,10.21,4498,4103,7560,4188,2658,1254,2666,908,1499,2933
"sz",1,20141017,100521,10.16,2,25392,25,"S",10.15,10.14,10.13,10.12,10.11,10.16,10.17,10.18,10.19,10.2,4494,4103,7560,4188,2658,188,1254,2666,908,1499
"sz",1,20141017,100524,10.15,3,75168,74,"S",10.15,10.14,10.13,10.12,10.11,10.16,10.17,10.18,10.19,10.2,4465,4103,7560,4188,2658,139,1254,2666,908,1499
"sz",1,20141017,100527,10.16,2,21344,21,"B",10.15,10.14,10.13,10.12,10.11,10.16,10.17,10.18,10.19,10.2,4465,4103,7560,4188,2666,121,1261,2666,908,1499
"sz",1,20141017,100530,10.15,2,203040,200,"S",10.15,10.14,10.13,10.12,10.11,10.16,10.17,10.18,10.19,10.2,4415,4103,7560,4188,2666,71,1261,2666,908,1499
"sz",1,20141017,100533,10.16,3,72144,71,"B",10.16,10.15,10.14,10.13,10.12,10.17,10.18,10.19,10.2,10.21,31,4514,4103,7560,4188,1311,2666,908,1509,2933
"sz",1,20141017,100537,10.16,4,35568,35,"S",10.16,10.15,10.14,10.13,10.12,10.17,10.18,10.19,10.2,10.21,55,4577,4103,7545,4188,1297,2666,908,1556,2933
"sz",1,20141017,100539,10.16,10,114816,113,"S",10.15,10.14,10.13,10.12,10.11,10.16,10.17,10.18,10.19,10.2,4577,4103,7605,4372,2666,37,1297,2666,908,1556
"sz",1,20141017,100542,10.15,3,85264,84,"S",10.15,10.14,10.13,10.12,10.11,10.16,10.17,10.18,10.19,10.2,4522,4092,7596,4372,2666,542,1297,2666,908,1556
"sz",1,20141017,100545,10.16,9,395152,389,"B",10.15,10.14,10.13,10.12,10.11,10.16,10.17,10.18,10.19,10.2,4532,4112,7596,4372,2666,421,1300,2666,908,1556
"sz",1,20141017,100548,10.16,6,110736,109,"B",10.15,10.14,10.13,10.12,10.11,10.16,10.17,10.18,10.19,10.2,4532,4112,7596,4372,2666,383,1300,2666,908,1556
"sz",1,20141017,100552,10.16,3,26416,26,"B",10.15,10.14,10.13,10.12,10.11,10.16,10.17,10.18,10.19,10.2,4521,4112,7596,4372,2666,636,1300,104,908,1556
"sz",1,20141017,100555,10.16,4,32800,32,"B",10.15,10.14,10.13,10.12,10.11,10.16,10.17,10.18,10.19,10.2,4525,4112,7596,4382,2666,747,1300,104,908,1581
"sz",1,20141017,100558,10.16,3,98560,97,"B",10.15,10.14,10.13,10.12,10.11,10.16,10.17,10.18,10.19,10.2,4563,4112,7596,4382,2676,650,1300,104,908,1545
"sz",1,20141017,100601,10.16,2,45712,45,"B",10.15,10.14,10.13,10.12,10.11,10.16,10.17,10.18,10.19,10.2,4659,4128,7606,4392,2676,638,1300,104,908,1545
"sz",1,20141017,100603,10.16,3,137120,135,"B",10.15,10.14,10.13,10.12,10.11,10.16,10.17,10.18,10.19,10.2,4611,4128,7606,4392,2679,641,1297,104,1008,1545
"sz",1,20141017,100606,10.15,34,642304,633,"S",10.15,10.14,10.13,10.12,10.11,10.16,10.17,10.18,10.19,10.2,4053,4293,7606,4392,2679,651,1287,104,1008,1545
"sz",1,20141017,100610,10.16,13,394144,388,"B",10.15,10.14,10.13,10.12,10.11,10.16,10.17,10.18,10.19,10.2,4005,4293,7606,4445,2679,419,1287,104,1008,1545
"sz",1,20141017,100612,10.16,28,621312,612,"B",10.15,10.14,10.13,10.12,10.11,10.16,10.17,10.18,10.19,10.2,3530,4288,7614,4445,2683,302,1287,104,1008,1545
"sz",1,20141017,100616,10.15,78,3875504,3818,"S",10.14,10.13,10.12,10.11,10.1,10.15,10.16,10.17,10.18,10.19,4288,7614,4445,2683,5491,1442,299,1287,104,1008
"sz",1,20141017,100618,10.15,1,7104,7,"B",10.14,10.13,10.12,10.11,10.1,10.15,10.16,10.17,10.18,10.19,4293,7614,4440,2683,5591,1577,439,1291,104,1008
"sz",1,20141017,100621,10.15,3,40592,40,"B",10.14,10.13,10.12,10.11,10.1,10.15,10.16,10.17,10.18,10.19,4293,7634,4440,2683,5591,1539,439,1291,104,1008
"sz",1,20141017,100624,10.15,4,51776,51,"B",10.14,10.13,10.12,10.11,10.1,10.15,10.16,10.17,10.18,10.19,4293,7634,4440,2683,5591,1838,439,1291,104,1008
"sz",1,20141017,100630,10.15,1,5072,5,"B",10.14,10.13,10.12,10.11,10.1,10.15,10.16,10.17,10.18,10.19,4323,7634,4422,2683,5593,1737,439,1291,138,1008
"sz",1,20141017,100634,10.15,37,917744,905,"B",10.14,10.13,10.12,10.11,10.1,10.15,10.16,10.17,10.18,10.19,3503,7629,4432,2683,5593,1892,444,1311,138,1008
