"market","ticker","date","time","trade_price","number_of_trades","trade_money","trade_volume","direction","buy1_price","buy2_price","buy3_price","buy4_price","buy5_price","sell1_price","sell2_price","sell3_price","sell4_price","sell5_price","buy1_quantity","buy2_quantity","buy3_quantity","buy4_quantity","buy5_quantity","sell1_quantity","sell2_quantity","sell3_quantity","sell4_quantity","sell5_quantity"
"sz",1,20141016,92500,10.1,172,5606348,5551,"S",10.1,10.09,10.08,10.07,10.06,10.11,10.12,10.13,10.14,10.15,49,264,717,458,1085,292,1002,2977,1522,1295
"sz",1,20141016,93000,10.1,4,49652,49,"S",10.09,10.08,10.07,10.06,10.05,10.1,10.11,10.12,10.13,10.14,264,717,458,1085,1516,317,292,1060,2542,1522
"sz",1,20141016,93003,10.08,73,1695025,1680,"S",10.08,10.07,10.06,10.05,10.04,10.09,10.1,10.11,10.12,10.13,1045,2993,1989,5319,1113,586,4489,2224,1844,1258
"sz",1,20141016,93006,10.08,3,3024,3,"S",10.08,10.07,10.06,10.05,10.04,10.09,10.1,10.11,10.12,10.13,1042,2993,1989,5319,1113,586,4489,2224,1844,1258
"sz",1,20141016,93009,10.08,5,24212,24,"S",10.08,10.07,10.06,10.05,10.04,10.09,10.1,10.11,10.12,10.13,1038,3110,1989,5319,1113,586,4489,2223,1843,1258
"sz",1,20141016,93012,10.09,2,12107,12,"B",10.08,10.07,10.06,10.05,10.04,10.09,10.1,10.11,10.12,10.13,1037,3120,1989,5344,1113,575,4411,2723,1843,1258
"sz",1,20141016,93015,10.09,1,30270,30,"B",10.08,10.07,10.06,10.05,10.04,10.09,10.1,10.11,10.12,10.13,1047,3120,1989,5344,1113,546,4402,2723,1843,1258
"sz",1,20141016,93018,10.08,12,264096,262,"S",10.08,10.07,10.06,10.05,10.04,10.09,10.1,10.11,10.12,10.13,785,3120,1989,5384,1113,546,4326,2718,1843,1258
"sz",1,20141016,93021,10.08,16,344536,342,"S",10.08,10.07,10.06,10.05,10.04,10.09,10.1,10.11,10.12,10.13,455,3125,1989,5394,1121,544,4306,2615,1843,1310
"sz",1,20141016,93024,10.09,7,26232,26,"B",10.08,10.07,10.06,10.05,10.04,10.09,10.1,10.11,10.12,10.13,453,3125,2162,5394,1141,619,4305,2615,1843,1310
"sz",1,20141016,93027,10.08,6,77637,77,"S",10.08,10.07,10.06,10.05,10.04,10.09,10.1,10.11,10.12,10.13,403,3125,2162,5394,1141,598,4295,2615,1843,1310
"sz",1,20141016,93029,10.08,4,187488,186,"S",10.08,10.07,10.06,10.05,10.04,10.09,10.1,10.11,10.12,10.13,217,3125,2162,5394,1141,598,4296,2615,1843,1310
"sz",1,20141016,93033,10.08,3,43344,43,"S",10.08,10.07,10.06,10.05,10.04,10.09,10.1,10.11,10.12,10.13,674,3125,2167,5394,1151,599,4296,3253,1743,1310
"sz",1,20141016,93036,10.08,14,361875,359,"S",10.08,10.07,10.06,10.05,10.04,10.09,10.1,10.11,10.12,10.13,818,3125,2167,5394,1151,606,4340,3253,1743,1310
"sz",1,20141016,93038,10.09,3,30241,30,"B",10.08,10.07,10.06,10.05,10.04,10.09,10.1,10.11,10.12,10.13,1139,3125,2187,5394,1151,611,4295,3253,1743,1310
"sz",1,20141016,93042,10.08,2,2017,2,"S",10.08,10.07,10.06,10.05,10.04,10.09,10.1,10.11,10.12,10.13,1240,3125,2197,5394,1171,610,4290,3253,1723,1310
"sz",1,20141016,93045,10.09,9,85739,85,"B",10.08,10.07,10.06,10.05,10.04,10.09,10.1,10.11,10.12,10.13,1218,3145,2197,5386,1171,551,4217,3253,1723,1310
"sz",1,20141016,93047,10.08,3,25203,25,"S",10.08,10.07,10.06,10.05,10.04,10.09,10.1,10.11,10.12,10.13,1196,3145,2197,5405,1171,548,4217,3253,1713,1310
"sz",1,20141016,93051,10.09,8,177421,176,"B",10.08,10.07,10.06,10.05,10.04,10.09,10.1,10.11,10.12,10.13,1083,3145,2227,5405,1171,535,4214,3253,1713,1310
"sz",1,20141016,93054,10.09,3,12107,12,"B",10.08,10.07,10.06,10.05,10.04,10.09,10.1,10.11,10.12,10.13,1186,3165,2227,5405,1171,774,4093,3253,1713,1330
"sz",1,20141016,93057,10.08,5,41341,41,"S",10.08,10.07,10.06,10.05,10.04,10.09,10.1,10.11,10.12,10.13,1243,3155,2227,5405,1171,791,4093,3235,1613,1330
"sz",1,20141016,93100,10.09,9,32473,32,"B",10.08,10.07,10.06,10.05,10.04,10.09,10.1,10.11,10.12,10.13,1231,3155,2327,5435,1171,786,4093,3235,1613,1330
"sz",1,20141016,93103,10.09,2,18162,18,"B",10.08,10.07,10.06,10.05,10.04,10.09,10.1,10.11,10.12,10.13,1261,3185,2327,5495,1171,768,3844,3232,1613,1330
"sz",1,20141016,93106,10.08,6,125002,124,"S",10.08,10.07,10.06,10.05,10.04,10.09,10.1,10.11,10.12,10.13,1197,3186,2327,5495,1171,863,3844,3232,1643,1330
"sz",1,20141016,93108,10.08,6,129061,128,"S",10.08,10.07,10.06,10.05,10.04,10.09,10.1,10.11,10.12,10.13,1206,3186,2327,5477,1221,832,3843,3232,1643,1330
"sz",1,20141016,93112,10.09,6,70620,70,"B",10.08,10.07,10.06,10.05,10.04,10.09,10.1,10.11,10.12,10.13,1196,3186,2340,5475,1221,875,3791,3232,1643,1330
"sz",1,20141016,93115,10.09,5,43357,43,"B",10.08,10.07,10.06,10.05,10.04,10.09,10.1,10.11,10.12,10.13,1261,3186,2354,5475,1221,962,3720,3232,1643,1330
"sz",1,20141016,93118,10.08,6,42340,42,"S",10.08,10.07,10.06,10.05,10.04,10.09,10.1,10.11,10.12,10.13,1300,3186,2354,5528,1221,958,3720,3232,1626,1330
"sz",1,20141016,93121,10.08,9,290330,288,"S",10.08,10.07,10.06,10.05,10.04,10.09,10.1,10.11,10.12,10.13,1063,3186,2354,5568,1221,1086,3720,3232,1626,1330
"sz",1,20141016,93124,10.09,8,268394,266,"B",10.08,10.07,10.06,10.05,10.04,10.09,10.1,10.11,10.12,10.13,1093,3236,2354,5618,1221,840,3660,3232,1626,1330
"sz",1,20141016,93127,10.09,6,35314,35,"B",10.08,10.07,10.06,10.05,10.04,10.09,10.1,10.11,10.12,10.13,1108,3291,2354,5618,1221,885,3644,3212,1626,1330
"sz",1,20141016,93129,10.09,9,33287,33,"B",10.08,10.07,10.06,10.05,10.04,10.09,10.1,10.11,10.12,10.13,1168,3291,2354,5628,1221,912,3644,3212,1626,1330
"sz",1,20141016,93133,10.08,5,235054,233,"S",10.08,10.07,10.06,10.05,10.04,10.09,10.1,10.11,10.12,10.13,1125,3390,2366,5633,1241,741,3644,2912,1626,1330
"sz",1,20141016,93136,10.08,4,95760,95,"S",10.08,10.07,10.06,10.05,10.04,10.09,10.1,10.11,10.12,10.13,1004,3890,2366,5633,1241,848,3584,2903,1623,1330
"sz",1,20141016,93138,10.08,2,9072,9,"S",10.08,10.07,10.06,10.05,10.04,10.09,10.1,10.11,10.12,10.13,1065,3885,2401,5633,1241,848,3584,2903,1623,1330
"sz",1,20141016,93142,10.09,5,18965,19,"B",10.08,10.07,10.06,10.05,10.04,10.09,10.1,10.11,10.12,10.13,1081,3885,2401,5633,1241,903,3584,2903,1623,1330
"sz",1,20141016,93145,10.09,3,17143,17,"B",10.08,10.07,10.06,10.05,10.04,10.09,10.1,10.11,10.12,10.13,1088,3885,2401,5653,1241,1219,3571,2903,1623,1330
"sz",1,20141016,93148,10.08,1,1008,1,"S",10.08,10.07,10.06,10.05,10.04,10.09,10.1,10.11,10.12,10.13,1096,3885,2411,5673,1256,1169,3680,2903,1623,1330
"sz",1,20141016,93151,10.08,22,707706,702,"S",10.08,10.07,10.06,10.05,10.04,10.09,10.1,10.11,10.12,10.13,639,3985,2431,5673,1256,1088,3680,2843,1623,1330
"sz",1,20141016,93154,10.08,6,113027,112,"S",10.08,10.07,10.06,10.05,10.04,10.09,10.1,10.11,10.12,10.13,527,3985,2431,5673,1306,1109,3680,2843,1623,1330
"sz",1,20141016,93157,10.08,8,71604,71,"S",10.08,10.07,10.06,10.05,10.04,10.09,10.1,10.11,10.12,10.13,500,3985,2431,5673,1306,975,3681,2836,1623,1330
"sz",1,20141016,93200,10.08,6,62501,62,"S",10.08,10.07,10.06,10.05,10.04,10.09,10.1,10.11,10.12,10.13,483,3985,2431,5673,1306,970,3746,2836,1623,1330
"sz",1,20141016,93202,10.08,8,69560,69,"S",10.08,10.07,10.06,10.05,10.04,10.09,10.1,10.11,10.12,10.13,422,3985,2431,5673,1306,962,3746,2836,1623,1310
"sz",1,20141016,93206,10.09,15,172378,171,"B",10.08,10.07,10.06,10.05,10.04,10.09,10.1,10.11,10.12,10.13,412,3950,2441,5673,1306,1042,3647,2836,1623,1310
"sz",1,20141016,93209,10.08,7,34281,34,"S",10.08,10.07,10.06,10.05,10.04,10.09,10.1,10.11,10.12,10.13,507,3950,2442,5683,1306,1209,3601,2836,1623,1310
"sz",1,20141016,93212,10.09,10,26228,26,"B",10.08,10.07,10.06,10.05,10.04,10.09,10.1,10.11,10.12,10.13,501,3950,2344,5693,1345,1189,3602,2836,1623,1310
"sz",1,20141016,93215,10.09,12,230051,228,"B",10.08,10.07,10.06,10.05,10.04,10.09,10.1,10.11,10.12,10.13,1880,3960,2344,5693,1345,967,3602,2836,1617,1310
"sz",1,20141016,93218,10.08,20,230862,229,"S",10.08,10.07,10.06,10.05,10.04,10.09,10.1,10.11,10.12,10.13,1901,4360,2344,5793,1445,987,3242,2836,1617,1310
"sz",1,20141016,93221,10.09,3,26213,26,"B",10.08,10.07,10.06,10.05,10.04,10.09,10.1,10.11,10.12,10.13,2043,4360,2344,5793,1445,1088,3242,2836,1617,1310
"sz",1,20141016,93224,10.09,9,222788,221,"B",10.08,10.07,10.06,10.05,10.04,10.09,10.1,10.11,10.12,10.13,1979,4360,2344,5803,1445,1118,3261,2836,1617,1310
"sz",1,20141016,93227,10.08,10,640177,635,"S",10.08,10.07,10.06,10.05,10.04,10.09,10.1,10.11,10.12,10.13,1444,4434,2329,5803,1447,1021,3271,2836,1617,1310
"sz",1,20141016,93230,10.08,10,964794,957,"S",10.08,10.07,10.06,10.05,10.04,10.09,10.1,10.11,10.12,10.13,516,4434,2329,5799,1457,1015,3271,2836,1617,1230
"sz",1,20141016,93233,10.08,5,152224,151,"S",10.08,10.07,10.06,10.05,10.04,10.09,10.1,10.11,10.12,10.13,431,4434,2364,5799,1457,1254,3077,2836,1617,1230
"sz",1,20141016,93236,10.08,1,4032,4,"S",10.08,10.07,10.06,10.05,10.04,10.09,10.1,10.11,10.12,10.13,596,4434,2364,5799,1477,1254,3027,2836,1839,1230
"sz",1,20141016,93239,10.08,9,142128,141,"S",10.08,10.07,10.06,10.05,10.04,10.09,10.1,10.11,10.12,10.13,505,4434,2364,5801,1477,1254,3027,2836,1839,1230
"sz",1,20141016,93242,10.09,5,13516,13,"B",10.08,10.07,10.06,10.05,10.04,10.09,10.1,10.11,10.12,10.13,708,4434,2364,5815,1477,1245,3027,2836,1839,1230
"sz",1,20141016,93245,10.08,18,255053,253,"S",10.08,10.07,10.06,10.05,10.04,10.09,10.1,10.11,10.12,10.13,524,4424,2377,5815,1477,1216,3027,2836,1839,1230
"sz",1,20141016,93248,10.08,1,1008,1,"S",10.08,10.07,10.06,10.05,10.04,10.09,10.1,10.11,10.12,10.13,558,4424,2377,5820,1477,1216,3027,2836,1839,684
"sz",1,20141016,93251,10.09,5,56048,56,"B",10.08,10.07,10.06,10.05,10.04,10.09,10.1,10.11,10.12,10.13,516,4424,2367,5820,1491,1271,3027,2836,1839,684
"sz",1,20141016,93254,10.09,9,96025,95,"B",10.08,10.07,10.06,10.05,10.04,10.09,10.1,10.11,10.12,10.13,691,4434,2367,5821,1540,1227,3027,2836,1841,684
"sz",1,20141016,93257,10.08,3,101808,101,"S",10.08,10.07,10.06,10.05,10.04,10.09,10.1,10.11,10.12,10.13,646,4395,2397,5821,1550,1230,3027,2736,1841,684
"sz",1,20141016,93300,10.09,11,180503,179,"B",10.08,10.07,10.06,10.05,10.04,10.09,10.1,10.11,10.12,10.13,1549,4395,2397,5821,1555,1159,3027,2736,1841,684
"sz",1,20141016,93303,10.09,9,91729,91,"B",10.08,10.07,10.06,10.05,10.04,10.09,10.1,10.11,10.12,10.13,1711,4395,2447,5821,1555,1208,3027,2736,1841,684
"sz",1,20141016,93306,10.09,31,539305,535,"B",10.08,10.07,10.06,10.05,10.04,10.09,10.1,10.11,10.12,10.13,1207,4395,2447,5821,1595,1189,3027,2686,1841,684
"sz",1,20141016,93309,10.09,8,210679,209,"B",10.08,10.07,10.06,10.05,10.04,10.09,10.1,10.11,10.12,10.13,1052,4405,2447,5821,1595,1181,3026,2686,1841,684
"sz",1,20141016,93312,10.09,13,293381,291,"B",10.08,10.07,10.06,10.05,10.04,10.09,10.1,10.11,10.12,10.13,939,4355,2450,5831,2495,1103,3026,2686,1841,684
"sz",1,20141016,93315,10.08,2,20160,20,"S",10.08,10.07,10.06,10.05,10.04,10.09,10.1,10.11,10.12,10.13,1049,4352,2450,5831,2495,1368,3026,2686,1841,684
"sz",1,20141016,93318,10.09,5,91789,91,"B",10.08,10.07,10.06,10.05,10.04,10.09,10.1,10.11,10.12,10.13,1049,4352,2550,5831,2495,1307,3026,2686,1841,684
"sz",1,20141016,93321,10.08,5,86875,86,"S",10.08,10.07,10.06,10.05,10.04,10.09,10.1,10.11,10.12,10.13,1029,4339,2550,5831,2495,1296,3026,2686,1841,694
"sz",1,20141016,93323,10.09,1,2018,2,"B",10.08,10.07,10.06,10.05,10.04,10.09,10.1,10.11,10.12,10.13,1047,4339,2551,5831,2495,1304,3026,2686,1841,594
"sz",1,20141016,93327,10.09,4,33274,33,"B",10.08,10.07,10.06,10.05,10.04,10.09,10.1,10.11,10.12,10.13,1232,4339,2551,5831,2495,1294,3030,2686,1781,594
"sz",1,20141016,93330,10.09,1,9081,9,"B",10.08,10.07,10.06,10.05,10.04,10.09,10.1,10.11,10.12,10.13,1747,4346,2551,5837,2495,1375,3020,2686,1681,594
"sz",1,20141016,93333,10.09,4,60540,60,"B",10.08,10.07,10.06,10.05,10.04,10.09,10.1,10.11,10.12,10.13,1777,4346,2551,5842,2495,1315,3020,2686,1681,594
"sz",1,20141016,93336,10.09,11,314697,312,"B",10.08,10.07,10.06,10.05,10.04,10.09,10.1,10.11,10.12,10.13,1713,4346,2571,5842,2495,1114,3020,2686,1691,594
"sz",1,20141016,93339,10.09,7,159422,158,"B",10.08,10.07,10.06,10.05,10.04,10.09,10.1,10.11,10.12,10.13,1779,4346,2582,5872,2495,965,3020,2686,1691,594
"sz",1,20141016,93342,10.08,3,55490,55,"S",10.08,10.07,10.06,10.05,10.04,10.09,10.1,10.11,10.12,10.13,1844,4356,2592,5872,2495,915,3020,2686,1691,594
"sz",1,20141016,93345,10.09,8,111312,111,"B",10.08,10.07,10.06,10.05,10.04,10.09,10.1,10.11,10.12,10.13,3064,4366,2592,5872,2497,885,3020,2686,1691,594
"sz",1,20141016,93348,10.09,10,499456,495,"B",10.08,10.07,10.06,10.05,10.04,10.09,10.1,10.11,10.12,10.13,3080,4366,2592,5872,2472,404,3020,2686,1691,594
"sz",1,20141016,93354,10.09,2,25940,25,"B",10.08,10.07,10.06,10.05,10.04,10.09,10.1,10.11,10.12,10.13,3144,4366,2482,5882,2453,398,3020,2686,1691,594
"sz",1,20141016,93357,10.09,5,107962,107,"B",10.08,10.07,10.06,10.05,10.04,10.09,10.1,10.11,10.12,10.13,3344,4366,2482,5882,2453,291,3020,2686,1691,594
"sz",1,20141016,93400,10.09,14,283510,281,"B",10.08,10.07,10.06,10.05,10.04,10.09,10.1,10.11,10.12,10.13,3332,4366,2532,5882,2453,30,3020,2686,1691,544
"sz",1,20141016,93403,10.09,5,61326,61,"B",10.09,10.08,10.07,10.06,10.05,10.1,10.11,10.12,10.13,10.14,540,3332,4366,2592,5882,3125,2686,1691,544,1053
"sz",1,20141016,93406,10.09,7,100900,100,"S",10.09,10.08,10.07,10.06,10.05,10.1,10.11,10.12,10.13,10.14,526,3323,4366,2611,5882,3125,2686,1691,544,1053
"sz",1,20141016,93408,10.09,13,95858,95,"S",10.09,10.08,10.07,10.06,10.05,10.1,10.11,10.12,10.13,10.14,204,3423,4366,2611,2282,3122,2686,1691,544,1053
"sz",1,20141016,93412,10.1,11,454500,450,"B",10.09,10.08,10.07,10.06,10.05,10.1,10.11,10.12,10.13,10.14,540,3532,4366,2631,2282,2672,2686,1691,544,1053
"sz",1,20141016,93415,10.1,9,68638,68,"B",10.09,10.08,10.07,10.06,10.05,10.1,10.11,10.12,10.13,10.14,540,3555,4350,2621,2282,2646,2186,1691,544,1108
"sz",1,20141016,93418,10.1,6,60548,60,"B",10.09,10.08,10.07,10.06,10.05,10.1,10.11,10.12,10.13,10.14,508,3595,4350,2621,2282,2738,2186,1691,544,1108
"sz",1,20141016,93421,10.09,2,9082,9,"S",10.09,10.08,10.07,10.06,10.05,10.1,10.11,10.12,10.13,10.14,523,4731,4350,2621,2282,2788,2186,1591,544,1108
"sz",1,20141016,93424,10.1,3,42388,42,"B",10.09,10.08,10.07,10.06,10.05,10.1,10.11,10.12,10.13,10.14,511,4742,4350,2621,2282,2778,2144,1591,544,1108
"sz",1,20141016,93433,10.1,1,3028,3,"B",10.09,10.08,10.07,10.06,10.05,10.1,10.11,10.12,10.13,10.14,1273,4539,4355,2631,2260,2825,2076,1591,544,1108
"sz",1,20141016,93436,10.1,4,129264,128,"B",10.09,10.08,10.07,10.06,10.05,10.1,10.11,10.12,10.13,10.14,1282,4539,4355,2636,2259,2715,2076,1591,544,1108
"sz",1,20141016,93439,10.1,5,105040,104,"B",10.09,10.08,10.07,10.06,10.05,10.1,10.11,10.12,10.13,10.14,1282,4567,4355,2639,2259,2611,2096,1591,544,1108
"sz",1,20141016,93442,10.09,11,104336,104,"S",10.09,10.08,10.07,10.06,10.05,10.1,10.11,10.12,10.13,10.14,1226,4617,4335,2639,2262,2605,2146,1591,544,1108
"sz",1,20141016,93445,10.09,6,174712,173,"S",10.09,10.08,10.07,10.06,10.05,10.1,10.11,10.12,10.13,10.14,1082,4617,4335,2639,2232,2581,2146,1581,544,1108
"sz",1,20141016,93447,10.1,3,52520,52,"B",10.09,10.08,10.07,10.06,10.05,10.1,10.11,10.12,10.13,10.14,1104,4617,4540,2639,2232,2449,2146,1581,1190,1108
"sz",1,20141016,93451,10.09,4,117084,116,"S",10.09,10.08,10.07,10.06,10.05,10.1,10.11,10.12,10.13,10.14,1068,4677,4540,2639,2238,2425,2146,1581,1190,1108
"sz",1,20141016,93454,10.1,6,55510,55,"B",10.09,10.08,10.07,10.06,10.05,10.1,10.11,10.12,10.13,10.14,1028,4677,4490,2575,2218,2410,2146,1581,1190,1107
"sz",1,20141016,93457,10.1,13,1028162,1018,"B",10.09,10.08,10.07,10.06,10.05,10.1,10.11,10.12,10.13,10.14,1032,4807,4483,2605,2238,1474,2146,1581,1190,1107
"sz",1,20141016,93500,10.1,6,56080,55,"B",10.09,10.08,10.07,10.06,10.05,10.1,10.11,10.12,10.13,10.14,1186,4830,4483,2605,2248,1546,2146,1581,1190,1107
"sz",1,20141016,93502,10.09,2,22218,22,"S",10.09,10.08,10.07,10.06,10.05,10.1,10.11,10.12,10.13,10.14,1242,4835,4483,2610,2248,1527,2146,1581,1185,1107
"sz",1,20141016,93506,10.1,18,132240,131,"B",10.09,10.08,10.07,10.06,10.05,10.1,10.11,10.12,10.13,10.14,1445,4847,4483,2610,2238,1485,2146,1581,1185,1107
"sz",1,20141016,93509,10.1,9,27270,27,"B",10.09,10.08,10.07,10.06,10.05,10.1,10.11,10.12,10.13,10.14,1465,4847,4483,2610,2238,1464,2146,1581,1185,1107
"sz",1,20141016,93512,10.1,6,31310,31,"B",10.09,10.08,10.07,10.06,10.05,10.1,10.11,10.12,10.13,10.14,1523,4942,4483,2634,2248,1433,2141,1581,1192,1107
"sz",1,20141016,93515,10.09,5,80750,80,"S",10.09,10.08,10.07,10.06,10.05,10.1,10.11,10.12,10.13,10.14,2453,4954,4483,2634,2248,1457,2131,1581,1192,1107
"sz",1,20141016,93518,10.1,8,283740,281,"B",10.09,10.08,10.07,10.06,10.05,10.1,10.11,10.12,10.13,10.14,2403,4954,4483,2634,2248,1735,2131,1581,1192,1107
"sz",1,20141016,93521,10.09,1,30270,30,"S",10.09,10.08,10.07,10.06,10.05,10.1,10.11,10.12,10.13,10.14,2388,4954,4483,2634,2248,1899,2137,1581,1210,1107
"sz",1,20141016,93524,10.1,13,564530,559,"B",10.09,10.08,10.07,10.06,10.05,10.1,10.11,10.12,10.13,10.14,2449,4954,4483,2621,2218,1431,2137,1581,1210,1107
"sz",1,20141016,93527,10.1,3,14140,14,"B",10.09,10.08,10.07,10.06,10.05,10.1,10.11,10.12,10.13,10.14,2468,4971,4483,2621,2228,1417,2137,1553,1210,1107
"sz",1,20141016,93530,10.09,7,127228,126,"S",10.09,10.08,10.07,10.06,10.05,10.1,10.11,10.12,10.13,10.14,2456,3991,4503,2621,2224,1323,2137,1553,1210,1107
"sz",1,20141016,93532,10.09,1,9082,9,"S",10.09,10.08,10.07,10.06,10.05,10.1,10.11,10.12,10.13,10.14,2477,3991,4503,2631,2224,1312,2137,1553,1210,1107
"sz",1,20141016,93536,10.1,3,9222,9,"B",10.09,10.08,10.07,10.06,10.05,10.1,10.11,10.12,10.13,10.14,2492,4021,4503,2631,2224,1303,2137,1553,1210,1107
"sz",1,20141016,93539,10.1,24,1045348,1035,"B",10.09,10.08,10.07,10.06,10.05,10.1,10.11,10.12,10.13,10.14,2615,4021,4503,2631,2224,280,2137,1553,1210,1107
"sz",1,20141016,93542,10.1,7,218016,216,"B",10.09,10.08,10.07,10.06,10.05,10.1,10.11,10.12,10.13,10.14,2471,4021,4503,2631,2194,208,2157,1553,1210,1107
"sz",1,20141016,93545,10.1,8,65044,65,"B",10.09,10.08,10.07,10.06,10.05,10.1,10.11,10.12,10.13,10.14,2581,4021,4503,2631,2209,195,2157,1553,1210,1107
"sz",1,20141016,93548,10.1,11,178752,177,"B",10.09,10.08,10.07,10.06,10.05,10.1,10.11,10.12,10.13,10.14,2517,4155,4503,2631,2209,36,2157,1553,1210,1107
"sz",1,20141016,93551,10.1,3,57004,56,"B",10.1,10.09,10.08,10.07,10.06,10.11,10.12,10.13,10.14,10.15,5,2542,4148,4503,2636,2157,1553,1210,1107,2063
"sz",1,20141016,93557,10.11,1,2024,2,"B",10.1,10.09,10.08,10.07,10.06,10.11,10.12,10.13,10.14,10.15,243,2543,4149,4503,2636,2155,1553,1210,1107,2063
"sz",1,20141016,93600,10.1,16,259568,257,"S",10.1,10.09,10.08,10.07,10.06,10.11,10.12,10.13,10.14,10.15,1047,2533,4252,4503,2636,2155,1553,1210,1107,2063
"sz",1,20141016,93603,10.1,7,107060,106,"S",10.1,10.09,10.08,10.07,10.06,10.11,10.12,10.13,10.14,10.15,965,2533,4239,4503,2636,2155,1553,1210,1067,2063
"sz",1,20141016,93606,10.11,6,27278,27,"B",10.1,10.09,10.08,10.07,10.06,10.11,10.12,10.13,10.14,10.15,1284,2533,4239,4513,2636,2148,1553,1210,1067,2063
"sz",1,20141016,93609,10.11,10,112130,111,"B",10.1,10.09,10.08,10.07,10.06,10.11,10.12,10.13,10.14,10.15,1202,2533,4249,4513,2636,2135,1553,1210,1067,2063
"sz",1,20141016,93612,10.11,7,9098,9,"B",10.1,10.09,10.08,10.07,10.06,10.11,10.12,10.13,10.14,10.15,1265,2533,4296,4513,2636,2096,1553,1210,1067,2063
"sz",1,20141016,93615,10.11,4,4044,4,"B",10.1,10.09,10.08,10.07,10.06,10.11,10.12,10.13,10.14,10.15,1296,2533,4246,4533,2636,2092,1553,1210,1067,2063
"sz",1,20141016,93617,10.11,1,1010,1,"B",10.1,10.09,10.08,10.07,10.06,10.11,10.12,10.13,10.14,10.15,1296,2583,4238,4533,2636,2091,1553,1210,1067,2063
"sz",1,20141016,93621,10.11,4,45496,45,"B",10.1,10.09,10.08,10.07,10.06,10.11,10.12,10.13,10.14,10.15,1326,2579,4238,4533,2636,1971,1315,1230,1067,2063
"sz",1,20141016,93624,10.1,11,980200,970,"S",10.1,10.09,10.08,10.07,10.06,10.11,10.12,10.13,10.14,10.15,906,2584,4238,4533,2636,1471,1315,1143,1067,2063
"sz",1,20141016,93626,10.11,1,10110,10,"B",10.1,10.09,10.08,10.07,10.06,10.11,10.12,10.13,10.14,10.15,906,2634,4241,4533,2636,1461,1315,1143,1067,2063
"sz",1,20141016,93633,10.1,4,126386,125,"S",10.1,10.09,10.08,10.07,10.06,10.11,10.12,10.13,10.14,10.15,1291,2374,4241,4533,2641,1506,1315,1143,1092,2063
"sz",1,20141016,93636,10.11,4,34374,34,"B",10.1,10.09,10.08,10.07,10.06,10.11,10.12,10.13,10.14,10.15,1399,2375,4256,4533,3161,1497,1315,1143,1092,2063
"sz",1,20141016,93641,10.1,26,1044986,1035,"S",10.1,10.09,10.08,10.07,10.06,10.11,10.12,10.13,10.14,10.15,341,2380,4207,4533,3066,1520,1315,1143,1087,2063
"sz",1,20141016,93645,10.1,3,151904,150,"S",10.1,10.09,10.08,10.07,10.06,10.11,10.12,10.13,10.14,10.15,213,2402,4185,4533,3066,1540,1315,1243,1177,2063
"sz",1,20141016,93648,10.11,2,106156,105,"B",10.1,10.09,10.08,10.07,10.06,10.11,10.12,10.13,10.14,10.15,329,2394,4185,4533,3066,1460,1325,1243,1177,2063
"sz",1,20141016,93651,10.11,3,20220,20,"B",10.1,10.09,10.08,10.07,10.06,10.11,10.12,10.13,10.14,10.15,403,2394,4232,4533,3063,1450,1325,1243,1177,2143
"sz",1,20141016,93653,10.11,11,446680,442,"B",10.1,10.09,10.08,10.07,10.06,10.11,10.12,10.13,10.14,10.15,384,2394,4232,4453,3063,1236,1325,1243,1177,2143
"sz",1,20141016,93657,10.11,3,23252,23,"B",10.1,10.09,10.08,10.07,10.06,10.11,10.12,10.13,10.14,10.15,1394,2394,4232,4324,3063,1286,1375,1243,1177,2143
"sz",1,20141016,93700,10.1,7,71768,71,"S",10.1,10.09,10.08,10.07,10.06,10.11,10.12,10.13,10.14,10.15,1514,2394,4232,4294,3063,1228,1375,1243,1177,2143
"sz",1,20141016,93703,10.1,18,908110,899,"S",10.1,10.09,10.08,10.07,10.06,10.11,10.12,10.13,10.14,10.15,739,2364,4232,4214,3063,1112,1375,1243,1177,2143
"sz",1,20141016,93706,10.11,9,117170,116,"B",10.1,10.09,10.08,10.07,10.06,10.11,10.12,10.13,10.14,10.15,648,2364,4232,4214,3063,1114,1375,1243,1177,2143
"sz",1,20141016,93709,10.11,6,53544,53,"B",10.1,10.09,10.08,10.07,10.06,10.11,10.12,10.13,10.14,10.15,627,2354,4302,4214,3063,1255,1375,1243,1197,2093
"sz",1,20141016,93712,10.11,10,226464,224,"B",10.1,10.09,10.08,10.07,10.06,10.11,10.12,10.13,10.14,10.15,608,2338,4304,4134,3696,1101,1375,1238,1197,2093
"sz",1,20141016,93715,10.1,2,131300,130,"S",10.1,10.09,10.08,10.07,10.06,10.11,10.12,10.13,10.14,10.15,574,2348,4324,4134,3696,1536,1375,1288,1297,2033
"sz",1,20141016,93718,10.11,3,96004,95,"B",10.1,10.09,10.08,10.07,10.06,10.11,10.12,10.13,10.14,10.15,534,2358,4324,4134,3661,1481,1375,1288,1335,2033
"sz",1,20141016,93720,10.1,19,737694,731,"S",10.09,10.08,10.07,10.06,10.05,10.1,10.11,10.12,10.13,10.14,2368,4324,4054,3661,2251,1645,1481,1375,1288,1335
"sz",1,20141016,93724,10.1,3,30278,30,"B",10.09,10.08,10.07,10.06,10.05,10.1,10.11,10.12,10.13,10.14,2350,4324,4054,3661,2251,1638,1357,1375,1288,1335
"sz",1,20141016,93726,10.09,3,52500,52,"S",10.09,10.08,10.07,10.06,10.05,10.1,10.11,10.12,10.13,10.14,2331,4324,4054,3661,2251,2010,1362,1375,1288,1335
"sz",1,20141016,93730,10.1,4,122340,121,"B",10.09,10.08,10.07,10.06,10.05,10.1,10.11,10.12,10.13,10.14,2331,4330,4054,3661,2251,1989,1370,1375,1293,1345
"sz",1,20141016,93733,10.1,1,50500,50,"B",10.09,10.08,10.07,10.06,10.05,10.1,10.11,10.12,10.13,10.14,2331,4410,3874,3661,2252,1939,1374,1275,1293,1345
"sz",1,20141016,93739,10.1,10,135634,134,"B",10.09,10.08,10.07,10.06,10.05,10.1,10.11,10.12,10.13,10.14,2738,4399,3474,3661,2252,2004,1384,1275,647,1375
"sz",1,20141016,93742,10.09,10,120162,119,"S",10.09,10.08,10.07,10.06,10.05,10.1,10.11,10.12,10.13,10.14,2710,4399,3474,3661,2252,1923,1334,1275,647,1375
"sz",1,20141016,93745,10.1,4,121180,120,"B",10.09,10.08,10.07,10.06,10.05,10.1,10.11,10.12,10.13,10.14,2691,4399,3474,3661,2252,1877,1434,1275,672,1375
"sz",1,20141016,93748,10.09,1,16144,16,"S",10.09,10.08,10.07,10.06,10.05,10.1,10.11,10.12,10.13,10.14,2675,4231,3474,3661,2272,1882,1446,1275,672,1375
"sz",1,20141016,93751,10.09,3,55544,55,"S",10.09,10.08,10.07,10.06,10.05,10.1,10.11,10.12,10.13,10.14,2669,4185,3474,3661,2272,1953,1441,1275,672,1375
"sz",1,20141016,93754,10.1,2,17170,17,"B",10.09,10.08,10.07,10.06,10.05,10.1,10.11,10.12,10.13,10.14,2657,4193,3474,3661,2272,1988,1441,1275,672,1375
"sz",1,20141016,93757,10.1,5,52500,52,"B",10.09,10.08,10.07,10.06,10.05,10.1,10.11,10.12,10.13,10.14,2747,4188,3474,3656,2272,2652,1441,1265,672,1375
"sz",1,20141016,93800,10.1,4,133294,132,"B",10.09,10.08,10.07,10.06,10.05,10.1,10.11,10.12,10.13,10.14,2760,4224,3474,3656,2272,2653,1441,1265,672,1375
"sz",1,20141016,93803,10.1,2,30300,30,"B",10.09,10.08,10.07,10.06,10.05,10.1,10.11,10.12,10.13,10.14,2815,4224,3474,3656,2277,2623,1441,1265,672,1375
"sz",1,20141016,93806,10.1,8,45424,45,"B",10.09,10.08,10.07,10.06,10.05,10.1,10.11,10.12,10.13,10.14,2790,4290,3472,3656,2277,2911,1441,1265,672,1375
"sz",1,20141016,93809,10.1,10,18180,18,"B",10.09,10.08,10.07,10.06,10.05,10.1,10.11,10.12,10.13,10.14,2790,4290,3512,3656,2277,2951,1441,1265,672,1375
"sz",1,20141016,93812,10.1,3,12120,12,"B",10.09,10.08,10.07,10.06,10.05,10.1,10.11,10.12,10.13,10.14,2800,4308,3512,3656,2301,2939,1441,1265,672,1375
"sz",1,20141016,93815,10.1,2,104030,103,"B",10.09,10.08,10.07,10.06,10.05,10.1,10.11,10.12,10.13,10.14,2807,4308,3492,3656,2301,2836,1441,1265,672,1375
"sz",1,20141016,93818,10.09,8,271484,269,"S",10.09,10.08,10.07,10.06,10.05,10.1,10.11,10.12,10.13,10.14,2614,4308,3492,3631,2301,2833,1441,1265,672,1375
"sz",1,20141016,93823,10.09,4,175698,175,"S",10.09,10.08,10.07,10.06,10.05,10.1,10.11,10.12,10.13,10.14,2475,4302,3492,3631,2301,2888,1477,1265,672,1375
"sz",1,20141016,93827,10.09,10,146330,145,"S",10.09,10.08,10.07,10.06,10.05,10.1,10.11,10.12,10.13,10.14,2364,4342,3492,3646,2301,2876,1477,1265,672,1375
"sz",1,20141016,93830,10.1,3,223172,221,"B",10.09,10.08,10.07,10.06,10.05,10.1,10.11,10.12,10.13,10.14,2336,4103,3492,3646,3216,2693,1452,1265,672,1375
"sz",1,20141016,93832,10.09,1,5046,5,"S",10.09,10.08,10.07,10.06,10.05,10.1,10.11,10.12,10.13,10.14,2348,4103,3492,3646,3216,2726,1452,1265,672,1375
"sz",1,20141016,93836,10.09,6,575072,569,"S",10.09,10.08,10.07,10.06,10.05,10.1,10.11,10.12,10.13,10.14,2329,4153,3492,3646,3216,2183,1452,1265,972,1375
"sz",1,20141016,93839,10.1,2,16160,16,"B",10.09,10.08,10.07,10.06,10.05,10.1,10.11,10.12,10.13,10.14,2336,4168,3492,3646,3216,2167,1452,1265,972,1365
"sz",1,20141016,93842,10.09,2,40360,40,"S",10.09,10.08,10.07,10.06,10.05,10.1,10.11,10.12,10.13,10.14,2396,4168,3492,3646,3226,2192,1459,1265,1172,1365
"sz",1,20141016,93845,10.1,3,122212,121,"B",10.09,10.08,10.07,10.06,10.05,10.1,10.11,10.12,10.13,10.14,2501,4178,3492,3646,3226,2071,1459,1265,1172,1365
"sz",1,20141016,93847,10.09,3,156400,155,"S",10.09,10.08,10.07,10.06,10.05,10.1,10.11,10.12,10.13,10.14,2351,4155,3492,3646,3226,2073,1459,1265,1172,1365
"sz",1,20141016,93851,10.1,1,17168,17,"B",10.09,10.08,10.07,10.06,10.05,10.1,10.11,10.12,10.13,10.14,2398,4152,3492,3646,3226,2055,1459,1265,1172,1371
"sz",1,20141016,93854,10.1,3,92880,92,"B",10.09,10.08,10.07,10.06,10.05,10.1,10.11,10.12,10.13,10.14,2368,4152,3492,2513,3226,2008,1459,1265,1172,1371
"sz",1,20141016,93857,10.09,1,1010,1,"S",10.09,10.08,10.07,10.06,10.05,10.1,10.11,10.12,10.13,10.14,2367,4152,3492,2513,3226,1993,1454,1265,1172,1371
"sz",1,20141016,93900,10.1,4,159572,158,"B",10.09,10.08,10.07,10.06,10.05,10.1,10.11,10.12,10.13,10.14,2335,4152,3542,2513,3326,1843,1454,1265,1172,1371
"sz",1,20141016,93903,10.1,3,166520,165,"B",10.09,10.08,10.07,10.06,10.05,10.1,10.11,10.12,10.13,10.14,2230,4152,3542,2513,3326,1808,1454,1265,1172,1371
"sz",1,20141016,93906,10.1,7,46430,46,"B",10.09,10.08,10.07,10.06,10.05,10.1,10.11,10.12,10.13,10.14,2600,4152,3542,2593,3326,1814,1454,1265,1172,1371
"sz",1,20141016,93909,10.1,10,27270,27,"B",10.09,10.08,10.07,10.06,10.05,10.1,10.11,10.12,10.13,10.14,2640,4152,3542,2593,3326,1787,1454,1265,1172,1371
"sz",1,20141016,93912,10.1,10,85850,85,"B",10.09,10.08,10.07,10.06,10.05,10.1,10.11,10.12,10.13,10.14,2624,4152,3542,2593,3328,1702,1454,1265,1172,1371
"sz",1,20141016,93915,10.1,11,251056,249,"B",10.09,10.08,10.07,10.06,10.05,10.1,10.11,10.12,10.13,10.14,2512,4152,3542,2593,3328,2004,1454,1265,1172,1371
"sz",1,20141016,93918,10.1,9,109130,108,"B",10.09,10.08,10.07,10.06,10.05,10.1,10.11,10.12,10.13,10.14,2449,4157,3542,2593,3348,2026,1439,1265,1172,1375
"sz",1,20141016,93921,10.09,2,20194,20,"S",10.09,10.08,10.07,10.06,10.05,10.1,10.11,10.12,10.13,10.14,2444,4157,3542,2593,3353,2031,1439,1255,1172,1375
"sz",1,20141016,93927,10.1,2,27272,27,"B",10.09,10.08,10.07,10.06,10.05,10.1,10.11,10.12,10.13,10.14,2472,4107,3532,2593,3413,2027,1439,1260,1181,1377
"sz",1,20141016,93930,10.1,4,101000,100,"B",10.09,10.08,10.07,10.06,10.05,10.1,10.11,10.12,10.13,10.14,2500,4107,3552,2593,3413,1927,1439,1260,1181,1377
"sz",1,20141016,93932,10.09,2,14128,14,"S",10.09,10.08,10.07,10.06,10.05,10.1,10.11,10.12,10.13,10.14,2493,4150,3552,2593,3413,1923,1439,1260,1181,1377
"sz",1,20141016,93936,10.1,3,139260,138,"B",10.09,10.08,10.07,10.06,10.05,10.1,10.11,10.12,10.13,10.14,2355,4170,3552,2593,3415,1905,1439,1260,1181,1377
"sz",1,20141016,93939,10.1,4,82184,81,"B",10.09,10.08,10.07,10.06,10.05,10.1,10.11,10.12,10.13,10.14,2324,4170,3552,2593,3415,1874,1439,1260,1181,1377
"sz",1,20141016,93942,10.1,2,28268,28,"B",10.09,10.08,10.07,10.06,10.05,10.1,10.11,10.12,10.13,10.14,2296,4171,3552,2593,3415,2028,1439,1260,1205,1377
"sz",1,20141016,93945,10.1,2,106052,105,"B",10.09,10.08,10.07,10.06,10.05,10.1,10.11,10.12,10.13,10.14,2296,4171,3552,2593,3465,1923,1439,1260,1205,1377
"sz",1,20141016,93948,10.1,4,80800,80,"B",10.09,10.08,10.07,10.06,10.05,10.1,10.11,10.12,10.13,10.14,2316,4142,3552,2593,3465,1843,1439,1260,1205,1377
"sz",1,20141016,93951,10.09,8,74664,74,"S",10.09,10.08,10.07,10.06,10.05,10.1,10.11,10.12,10.13,10.14,2243,4142,3552,2593,3515,1843,1439,1260,1205,1377
"sz",1,20141016,93954,10.09,1,11100,11,"S",10.09,10.08,10.07,10.06,10.05,10.1,10.11,10.12,10.13,10.14,2263,4142,3552,2407,3525,1850,1439,1260,1205,1377
"sz",1,20141016,93957,10.09,78,2677044,2653,"S",10.08,10.07,10.06,10.05,10.04,10.09,10.1,10.11,10.12,10.13,4142,3552,2406,3530,1565,430,1771,1438,1260,1205
"sz",1,20141016,94000,10.09,2,302696,300,"B",10.08,10.07,10.06,10.05,10.04,10.09,10.1,10.11,10.12,10.13,4162,3552,2406,3550,1565,155,1776,1488,1260,1205
"sz",1,20141016,94002,10.09,1,20184,20,"B",10.08,10.07,10.06,10.05,10.04,10.09,10.1,10.11,10.12,10.13,4166,3552,2406,3540,1565,150,1776,1488,1260,1205
"sz",1,20141016,94006,10.09,14,143276,142,"B",10.08,10.07,10.06,10.05,10.04,10.09,10.1,10.11,10.12,10.13,4166,3545,2406,3540,1565,18,1837,1488,1260,1205
"sz",1,20141016,94009,10.09,11,19060,19,"B",10.09,10.08,10.07,10.06,10.05,10.1,10.11,10.12,10.13,10.14,47,4339,3545,2406,3540,1882,1488,1260,1205,1377
"sz",1,20141016,94011,10.09,1,10088,10,"S",10.09,10.08,10.07,10.06,10.05,10.1,10.11,10.12,10.13,10.14,125,4345,3545,2406,3550,1900,1488,1260,1205,1377
"sz",1,20141016,94015,10.1,2,102012,101,"B",10.09,10.08,10.07,10.06,10.05,10.1,10.11,10.12,10.13,10.14,132,4347,3545,2406,3550,1800,1488,1260,1205,1377
"sz",1,20141016,94017,10.09,11,100900,100,"S",10.09,10.08,10.07,10.06,10.05,10.1,10.11,10.12,10.13,10.14,34,4347,3545,2406,3550,1800,1488,1260,1215,1377
"sz",1,20141016,94024,10.09,8,40360,40,"S",10.09,10.08,10.07,10.06,10.05,10.1,10.11,10.12,10.13,10.14,136,4374,3495,2406,3550,1908,1488,1260,1239,1377
"sz",1,20141016,94027,10.1,1,30300,30,"B",10.09,10.08,10.07,10.06,10.05,10.1,10.11,10.12,10.13,10.14,146,4374,3495,2422,3550,1878,1488,1260,1239,1377
"sz",1,20141016,94030,10.1,3,119180,118,"B",10.09,10.08,10.07,10.06,10.05,10.1,10.11,10.12,10.13,10.14,147,4380,3515,2422,3550,1753,1488,1260,1239,1377
"sz",1,20141016,94033,10.09,6,76684,76,"S",10.09,10.08,10.07,10.06,10.05,10.1,10.11,10.12,10.13,10.14,99,4390,3515,2461,3550,1753,1488,1260,1239,1403
"sz",1,20141016,94036,10.09,4,101352,101,"S",10.09,10.08,10.07,10.06,10.05,10.1,10.11,10.12,10.13,10.14,614,4380,3515,2511,3550,1687,1488,1260,1239,1403
"sz",1,20141016,94041,10.09,1,8072,8,"S",10.09,10.08,10.07,10.06,10.05,10.1,10.11,10.12,10.13,10.14,680,4467,3482,2506,3550,1687,1488,1260,1239,1403
"sz",1,20141016,94045,10.1,12,150444,149,"B",10.09,10.08,10.07,10.06,10.05,10.1,10.11,10.12,10.13,10.14,643,4461,3482,2506,3558,1587,1478,1260,1239,1403
"sz",1,20141016,94048,10.09,2,15132,15,"S",10.09,10.08,10.07,10.06,10.05,10.1,10.11,10.12,10.13,10.14,683,4461,3482,2523,3564,1587,1478,1260,1239,1403
"sz",1,20141016,94051,10.1,7,309964,307,"B",10.09,10.08,10.07,10.06,10.05,10.1,10.11,10.12,10.13,10.14,668,4414,3482,2523,3564,1387,1478,1260,1239,1403
"sz",1,20141016,94057,10.09,2,200792,199,"S",10.09,10.08,10.07,10.06,10.05,10.1,10.11,10.12,10.13,10.14,529,4324,3482,2523,3587,1387,1465,1260,1215,1403
"sz",1,20141016,94100,10.1,3,121180,120,"B",10.09,10.08,10.07,10.06,10.05,10.1,10.11,10.12,10.13,10.14,835,4351,3482,2523,3587,1297,1465,1260,1265,1403
"sz",1,20141016,94102,10.09,3,33320,33,"S",10.09,10.08,10.07,10.06,10.05,10.1,10.11,10.12,10.13,10.14,875,4351,3482,2523,3587,1274,1465,1260,1265,1403
"sz",1,20141016,94106,10.1,11,83776,83,"B",10.09,10.08,10.07,10.06,10.05,10.1,10.11,10.12,10.13,10.14,840,4401,3482,2526,3587,1281,1465,1260,1265,1403
"sz",1,20141016,94109,10.1,8,18180,18,"B",10.09,10.08,10.07,10.06,10.05,10.1,10.11,10.12,10.13,10.14,872,4475,3482,2526,3596,1252,1475,1260,1265,1403
"sz",1,20141016,94112,10.09,4,29268,29,"S",10.09,10.08,10.07,10.06,10.05,10.1,10.11,10.12,10.13,10.14,867,4463,3482,2526,3596,1243,1475,1260,1265,1403
"sz",1,20141016,94115,10.09,37,619688,614,"S",10.09,10.08,10.07,10.06,10.05,10.1,10.11,10.12,10.13,10.14,439,4551,3482,2526,3596,1081,1475,1260,1265,1403
"sz",1,20141016,94117,10.1,5,34340,34,"B",10.09,10.08,10.07,10.06,10.05,10.1,10.11,10.12,10.13,10.14,596,4656,3482,2531,3596,1085,1475,1260,1289,1403
"sz",1,20141016,94121,10.09,2,10232,10,"S",10.09,10.08,10.07,10.06,10.05,10.1,10.11,10.12,10.13,10.14,624,4666,3482,2531,3596,1075,1475,1260,1239,1403
"sz",1,20141016,94124,10.1,2,124312,123,"B",10.09,10.08,10.07,10.06,10.05,10.1,10.11,10.12,10.13,10.14,606,4666,3482,2531,3596,1121,1475,1260,1239,1403
"sz",1,20141016,94127,10.1,4,10100,10,"B",10.09,10.08,10.07,10.06,10.05,10.1,10.11,10.12,10.13,10.14,626,4666,2972,2531,3596,1111,1475,1260,1239,1395
"sz",1,20141016,94129,10.1,8,67636,67,"B",10.09,10.08,10.07,10.06,10.05,10.1,10.11,10.12,10.13,10.14,882,4674,3072,2532,3601,1133,1475,1260,1239,1395
"sz",1,20141016,94133,10.1,5,196928,195,"B",10.09,10.08,10.07,10.06,10.05,10.1,10.11,10.12,10.13,10.14,919,4674,3066,2542,3601,961,1475,1260,1239,1395
"sz",1,20141016,94135,10.09,1,5044,5,"S",10.09,10.08,10.07,10.06,10.05,10.1,10.11,10.12,10.13,10.14,964,4674,2966,2551,3601,961,1449,1260,1239,1395
"sz",1,20141016,94139,10.09,3,19776,19,"S",10.09,10.08,10.07,10.06,10.05,10.1,10.11,10.12,10.13,10.14,1067,4684,2966,2551,3601,991,1449,1260,1239,1395
"sz",1,20141016,94142,10.1,1,10100,10,"B",10.09,10.08,10.07,10.06,10.05,10.1,10.11,10.12,10.13,10.14,1072,4684,2966,2551,3601,981,1449,1260,1239,1395
"sz",1,20141016,94145,10.1,2,112624,112,"B",10.09,10.08,10.07,10.06,10.05,10.1,10.11,10.12,10.13,10.14,1061,4694,2966,2631,3601,881,1449,1260,1239,1395
"sz",1,20141016,94148,10.09,5,107964,107,"S",10.09,10.08,10.07,10.06,10.05,10.1,10.11,10.12,10.13,10.14,1062,4694,2966,2631,3601,886,1474,1260,1239,1395
"sz",1,20141016,94150,10.1,26,764568,757,"B",10.09,10.08,10.07,10.06,10.05,10.1,10.11,10.12,10.13,10.14,1062,4694,2946,2621,3601,130,1474,1260,1239,1395
"sz",1,20141016,94154,10.1,8,132036,131,"B",10.1,10.09,10.08,10.07,10.06,10.11,10.12,10.13,10.14,10.15,119,2643,4694,2946,2619,1474,1270,1239,1395,6310
"sz",1,20141016,94156,10.11,1,20224,20,"B",10.1,10.09,10.08,10.07,10.06,10.11,10.12,10.13,10.14,10.15,569,2665,4694,2946,2619,1454,1270,1239,1395,6310
"sz",1,20141016,94200,10.1,3,226240,224,"S",10.1,10.09,10.08,10.07,10.06,10.11,10.12,10.13,10.14,10.15,445,2715,4744,2946,2619,1454,1270,1239,1395,6310
"sz",1,20141016,94202,10.1,3,110088,109,"S",10.1,10.09,10.08,10.07,10.06,10.11,10.12,10.13,10.14,10.15,340,2715,4744,2946,2624,1454,1270,1239,1395,6310
"sz",1,20141016,94206,10.11,8,114144,113,"B",10.1,10.09,10.08,10.07,10.06,10.11,10.12,10.13,10.14,10.15,257,2726,4744,2946,2624,1447,1270,1239,1395,6310
"sz",1,20141016,94209,10.1,12,279036,276,"S",10.09,10.08,10.07,10.06,10.05,10.1,10.11,10.12,10.13,10.14,2705,4694,2946,2624,3602,945,1442,1947,1239,1395
"sz",1,20141016,94212,10.1,6,181796,180,"B",10.09,10.08,10.07,10.06,10.05,10.1,10.11,10.12,10.13,10.14,2701,4694,3028,2624,3602,821,1645,1947,1239,1395
"sz",1,20141016,94215,10.1,10,143420,142,"B",10.09,10.08,10.07,10.06,10.05,10.1,10.11,10.12,10.13,10.14,2743,4684,3028,2624,3602,681,1710,1947,1239,1395
"sz",1,20141016,94218,10.1,1,8080,8,"B",10.09,10.08,10.07,10.06,10.05,10.1,10.11,10.12,10.13,10.14,2794,4694,3028,2624,3602,841,1710,1947,1239,1395
"sz",1,20141016,94224,10.1,12,134248,133,"B",10.09,10.08,10.07,10.06,10.05,10.1,10.11,10.12,10.13,10.14,2714,4694,3028,2634,3602,828,1710,1967,1239,1445
"sz",1,20141016,94227,10.1,5,108048,107,"B",10.09,10.08,10.07,10.06,10.05,10.1,10.11,10.12,10.13,10.14,2706,4694,3028,2634,3602,752,1715,1967,1239,1445
"sz",1,20141016,94230,10.09,5,136316,135,"S",10.09,10.08,10.07,10.06,10.05,10.1,10.11,10.12,10.13,10.14,2976,4704,3028,2634,3602,818,1712,1967,1239,1445
"sz",1,20141016,94236,10.1,2,16160,16,"B",10.09,10.08,10.07,10.06,10.05,10.1,10.11,10.12,10.13,10.14,3766,4694,3028,2634,3622,871,1793,1967,1239,1445
"sz",1,20141016,94239,10.09,5,83756,83,"S",10.09,10.08,10.07,10.06,10.05,10.1,10.11,10.12,10.13,10.14,3698,4704,3028,2634,3622,880,1751,1967,1239,1445
"sz",1,20141016,94242,10.1,45,3134364,3106,"B",10.09,10.08,10.07,10.06,10.05,10.1,10.11,10.12,10.13,10.14,597,4704,3025,2634,3622,916,1751,1967,1239,1455
"sz",1,20141016,94244,10.09,1,491380,487,"S",10.09,10.08,10.07,10.06,10.05,10.1,10.11,10.12,10.13,10.14,120,4709,3025,2634,3622,959,1751,1967,1239,1455
"sz",1,20141016,94247,10.1,3,113120,112,"B",10.09,10.08,10.07,10.06,10.05,10.1,10.11,10.12,10.13,10.14,159,4709,3025,2634,3622,847,1751,2007,1239,1455
"sz",1,20141016,94250,10.09,3,23208,23,"S",10.09,10.08,10.07,10.06,10.05,10.1,10.11,10.12,10.13,10.14,136,4709,3025,2634,3622,847,1751,2007,1239,1455
"sz",1,20141016,94254,10.09,4,79772,79,"S",10.09,10.08,10.07,10.06,10.05,10.1,10.11,10.12,10.13,10.14,144,4709,3025,2654,3632,2423,1726,2007,1361,1455
"sz",1,20141016,94300,10.09,3,51456,51,"S",10.09,10.08,10.07,10.06,10.05,10.1,10.11,10.12,10.13,10.14,138,4709,3025,2654,3702,2467,1726,1967,1361,1455
"sz",1,20141016,94303,10.09,18,296612,294,"S",10.08,10.07,10.06,10.05,10.04,10.09,10.1,10.11,10.12,10.13,4709,3025,2654,3702,1651,310,2463,1526,1967,1361
"sz",1,20141016,94306,10.09,6,9080,9,"B",10.08,10.07,10.06,10.05,10.04,10.09,10.1,10.11,10.12,10.13,4809,3025,2654,3702,1651,310,2479,1526,1967,1361
"sz",1,20141016,94309,10.09,12,312932,310,"B",10.09,10.08,10.07,10.06,10.05,10.1,10.11,10.12,10.13,10.14,42,5309,3025,2704,3702,2479,1526,1967,1361,1455
"sz",1,20141016,94312,10.1,1,6060,6,"B",10.09,10.08,10.07,10.06,10.05,10.1,10.11,10.12,10.13,10.14,48,5454,3025,2704,3702,2474,1526,1967,1361,1455
"sz",1,20141016,94315,10.09,9,157260,156,"S",10.08,10.07,10.06,10.05,10.04,10.09,10.1,10.11,10.12,10.13,5504,3025,2704,3702,1651,188,2422,1526,1967,1361
"sz",1,20141016,94318,10.09,2,7064,7,"B",10.08,10.07,10.06,10.05,10.04,10.09,10.1,10.11,10.12,10.13,5504,3025,2702,3702,1651,181,2422,1526,1967,1361
"sz",1,20141016,94320,10.09,8,104840,104,"B",10.08,10.07,10.06,10.05,10.04,10.09,10.1,10.11,10.12,10.13,5469,3025,2702,3702,1651,125,2422,1486,1967,1380
"sz",1,20141016,94324,10.09,1,20184,20,"B",10.08,10.07,10.06,10.05,10.04,10.09,10.1,10.11,10.12,10.13,5479,3025,2702,3702,1651,294,2462,1486,1967,1361
"sz",1,20141016,94327,10.09,4,47420,47,"B",10.08,10.07,10.06,10.05,10.04,10.09,10.1,10.11,10.12,10.13,5489,3025,2899,3702,1651,247,2594,1486,1975,1361
"sz",1,20141016,94330,10.09,6,129152,128,"B",10.08,10.07,10.06,10.05,10.04,10.09,10.1,10.11,10.12,10.13,5474,3025,2899,3702,1651,689,2584,1486,1975,1361
"sz",1,20141016,94332,10.09,3,31280,31,"B",10.08,10.07,10.06,10.05,10.04,10.09,10.1,10.11,10.12,10.13,5474,3025,2899,3702,1653,660,2584,1486,1955,1361
"sz",1,20141016,94336,10.08,15,406252,403,"S",10.08,10.07,10.06,10.05,10.04,10.09,10.1,10.11,10.12,10.13,5097,3025,2899,3692,1656,634,3078,1486,1955,1361
"sz",1,20141016,94339,10.09,5,136616,136,"B",10.08,10.07,10.06,10.05,10.04,10.09,10.1,10.11,10.12,10.13,5166,3025,2899,3692,1656,499,3078,1440,1965,1361
"sz",1,20141016,94345,10.09,1,20180,20,"B",10.08,10.07,10.06,10.05,10.04,10.09,10.1,10.11,10.12,10.13,5173,3025,2899,3702,1720,540,3078,1417,1965,1361
"sz",1,20141016,94348,10.09,1,100900,100,"B",10.08,10.07,10.06,10.05,10.04,10.09,10.1,10.11,10.12,10.13,5183,3025,2899,3702,1720,463,3078,1417,1965,1361
"sz",1,20141016,94351,10.09,9,535272,530,"B",10.09,10.08,10.07,10.06,10.05,10.1,10.11,10.12,10.13,10.14,535,5164,3045,2899,3702,3099,1417,1965,1361,1505
"sz",1,20141016,94354,10.09,3,29260,29,"S",10.09,10.08,10.07,10.06,10.05,10.1,10.11,10.12,10.13,10.14,580,5164,3045,2919,3902,3098,1417,1965,1361,1505
"sz",1,20141016,94400,10.09,5,150356,149,"S",10.09,10.08,10.07,10.06,10.05,10.1,10.11,10.12,10.13,10.14,1088,5375,3055,2919,3902,3082,1417,1965,1361,1505
"sz",1,20141016,94403,10.1,7,315120,312,"B",10.09,10.08,10.07,10.06,10.05,10.1,10.11,10.12,10.13,10.14,1191,5385,3049,2919,3902,2770,1417,1965,1361,1505
"sz",1,20141016,94406,10.1,9,379876,377,"B",10.09,10.08,10.07,10.06,10.05,10.1,10.11,10.12,10.13,10.14,1133,5394,3057,2959,3912,2769,1417,1965,1361,1505
"sz",1,20141016,94409,10.09,28,1211224,1200,"S",10.08,10.07,10.06,10.05,10.04,10.09,10.1,10.11,10.12,10.13,5344,3057,2959,3912,1931,740,2761,1417,1965,1361
"sz",1,20141016,94411,10.09,10,52448,52,"B",10.08,10.07,10.06,10.05,10.04,10.09,10.1,10.11,10.12,10.13,5309,3057,2959,3912,1931,708,2811,1417,1965,1361
"sz",1,20141016,94415,10.09,5,716008,710,"B",10.09,10.08,10.07,10.06,10.05,10.1,10.11,10.12,10.13,10.14,477,5299,3057,2959,3912,2811,1417,1965,1361,1505
"sz",1,20141016,94418,10.09,2,15136,15,"S",10.09,10.08,10.07,10.06,10.05,10.1,10.11,10.12,10.13,10.14,577,5299,3067,2959,3912,2811,1417,1965,1361,1505
"sz",1,20141016,94421,10.09,1,100900,100,"S",10.09,10.08,10.07,10.06,10.05,10.1,10.11,10.12,10.13,10.14,481,5307,3067,2959,3912,2825,1417,1965,1361,1505
"sz",1,20141016,94424,10.09,3,37336,37,"S",10.09,10.08,10.07,10.06,10.05,10.1,10.11,10.12,10.13,10.14,480,5350,3072,2959,3912,2820,1417,1945,1361,1505
"sz",1,20141016,94427,10.09,2,10220,10,"S",10.09,10.08,10.07,10.06,10.05,10.1,10.11,10.12,10.13,10.14,389,5380,3072,2959,3917,2962,1423,1945,1361,1505
"sz",1,20141016,94430,10.09,6,128156,127,"S",10.09,10.08,10.07,10.06,10.05,10.1,10.11,10.12,10.13,10.14,316,6223,3072,2959,3917,2950,1473,1945,1361,1505
"sz",1,20141016,94436,10.09,1,201800,200,"S",10.09,10.08,10.07,10.06,10.05,10.1,10.11,10.12,10.13,10.14,321,6413,3058,2959,3823,2950,1473,1945,1361,1505
"sz",1,20141016,94439,10.1,1,2016,2,"B",10.09,10.08,10.07,10.06,10.05,10.1,10.11,10.12,10.13,10.14,327,6413,3113,2959,3833,2967,1473,1945,1361,1555
"sz",1,20141016,94442,10.09,24,259568,257,"S",10.08,10.07,10.06,10.05,10.04,10.09,10.1,10.11,10.12,10.13,6486,3113,2959,3833,1937,2013,2954,1473,1945,1361
"sz",1,20141016,94445,10.08,4,40196,40,"S",10.08,10.07,10.06,10.05,10.04,10.09,10.1,10.11,10.12,10.13,6499,3113,2959,3833,1937,2095,3064,1453,2145,1361
"sz",1,20141016,94448,10.09,3,138612,137,"B",10.08,10.07,10.06,10.05,10.04,10.09,10.1,10.11,10.12,10.13,6587,3113,2909,3833,1937,1983,3064,1453,2145,1361
"sz",1,20141016,94451,10.09,4,334992,332,"B",10.08,10.07,10.06,10.05,10.04,10.09,10.1,10.11,10.12,10.13,6587,3113,2939,3873,1937,1717,3064,1453,2145,1361
"sz",1,20141016,94453,10.09,1,50448,50,"B",10.08,10.07,10.06,10.05,10.04,10.09,10.1,10.11,10.12,10.13,6587,3113,2939,3876,1937,1767,3094,1443,2145,1361
"sz",1,20141016,94457,10.09,6,97824,97,"B",10.08,10.07,10.06,10.05,10.04,10.09,10.1,10.11,10.12,10.13,6575,3127,2959,3876,1937,1775,3104,1443,2145,1361
"sz",1,20141016,94500,10.09,2,131172,130,"B",10.08,10.07,10.06,10.05,10.04,10.09,10.1,10.11,10.12,10.13,6632,3127,2909,3876,1937,1645,3104,1443,2145,1361
"sz",1,20141016,94503,10.09,4,376356,373,"B",10.08,10.07,10.06,10.05,10.04,10.09,10.1,10.11,10.12,10.13,6632,3127,2917,3876,1937,2277,3104,1443,2145,1361
"sz",1,20141016,94506,10.09,7,23208,23,"B",10.08,10.07,10.06,10.05,10.04,10.09,10.1,10.11,10.12,10.13,6637,3327,2917,3876,1937,2260,3109,1443,2145,1361
"sz",1,20141016,94509,10.09,9,21188,21,"B",10.08,10.07,10.06,10.05,10.04,10.09,10.1,10.11,10.12,10.13,6647,3287,2897,3876,1937,2139,3149,1443,2145,1361
"sz",1,20141016,94512,10.09,7,285380,283,"B",10.08,10.07,10.06,10.05,10.04,10.09,10.1,10.11,10.12,10.13,6532,3287,2907,3876,1937,2041,3149,1443,2145,1361
"sz",1,20141016,94515,10.08,1,50400,50,"S",10.08,10.07,10.06,10.05,10.04,10.09,10.1,10.11,10.12,10.13,6471,3287,2907,3876,1987,2061,3139,1443,2145,1361
"sz",1,20141016,94518,10.09,3,152312,151,"B",10.08,10.07,10.06,10.05,10.04,10.09,10.1,10.11,10.12,10.13,6431,3307,2912,3886,1987,1960,3139,1443,2145,1361
"sz",1,20141016,94521,10.08,2,40488,40,"S",10.08,10.07,10.06,10.05,10.04,10.09,10.1,10.11,10.12,10.13,6434,3357,2912,3886,1987,1943,3139,1443,2145,1361
"sz",1,20141016,94524,10.09,3,401036,398,"B",10.08,10.07,10.06,10.05,10.04,10.09,10.1,10.11,10.12,10.13,6291,3357,2912,3886,1987,1683,3189,1443,2145,1361
"sz",1,20141016,94529,10.08,1,3024,3,"S",10.08,10.07,10.06,10.05,10.04,10.09,10.1,10.11,10.12,10.13,6276,3459,2912,3861,1987,1685,3189,1443,2145,1361
"sz",1,20141016,94533,10.09,3,131152,130,"B",10.08,10.07,10.06,10.05,10.04,10.09,10.1,10.11,10.12,10.13,6256,3459,2912,3870,1991,1575,3169,1443,2145,1361
"sz",1,20141016,94536,10.09,7,195744,194,"B",10.08,10.07,10.06,10.05,10.04,10.09,10.1,10.11,10.12,10.13,6292,3479,2862,3870,2000,1385,3169,1458,2145,1361
"sz",1,20141016,94539,10.09,1,1012,1,"B",10.08,10.07,10.06,10.05,10.04,10.09,10.1,10.11,10.12,10.13,6342,3479,2862,3870,2000,1384,3169,1458,2145,1361
"sz",1,20141016,94542,10.09,6,77084,76,"B",10.08,10.07,10.06,10.05,10.04,10.09,10.1,10.11,10.12,10.13,6341,3479,2862,3880,2000,1331,3169,1458,2145,1361
"sz",1,20141016,94545,10.09,2,32280,32,"B",10.08,10.07,10.06,10.05,10.04,10.09,10.1,10.11,10.12,10.13,6352,3479,2862,3880,2000,1314,3174,1458,2145,1361
"sz",1,20141016,94548,10.09,7,122088,121,"B",10.08,10.07,10.06,10.05,10.04,10.09,10.1,10.11,10.12,10.13,7893,3479,2862,3843,2000,1193,3174,1458,2145,1361
"sz",1,20141016,94551,10.09,12,119028,118,"B",10.08,10.07,10.06,10.05,10.04,10.09,10.1,10.11,10.12,10.13,7858,3479,2862,3853,2000,1110,3174,1458,2145,1361
"sz",1,20141016,94553,10.08,5,21192,21,"S",10.08,10.07,10.06,10.05,10.04,10.09,10.1,10.11,10.12,10.13,7862,3479,2862,3853,2000,1095,3351,1458,2145,1361
"sz",1,20141016,94557,10.09,1,50448,50,"B",10.08,10.07,10.06,10.05,10.04,10.09,10.1,10.11,10.12,10.13,7872,3479,2862,3853,2020,1047,3351,1463,2145,1361
"sz",1,20141016,94559,10.08,10,126608,126,"S",10.08,10.07,10.06,10.05,10.04,10.09,10.1,10.11,10.12,10.13,7747,3479,2862,3883,2020,1080,3421,1463,2145,1361
"sz",1,20141016,94603,10.08,8,273812,271,"S",10.08,10.07,10.06,10.05,10.04,10.09,10.1,10.11,10.12,10.13,7615,3479,2862,3883,2032,980,3261,1463,2145,1361
"sz",1,20141016,94606,10.09,7,210880,209,"B",10.08,10.07,10.06,10.05,10.04,10.09,10.1,10.11,10.12,10.13,6485,3479,2862,3983,2032,783,3261,1463,2145,1361
"sz",1,20141016,94609,10.08,14,134300,134,"S",10.08,10.07,10.06,10.05,10.04,10.09,10.1,10.11,10.12,10.13,6384,3479,2882,3988,2032,156,3360,1463,2145,1361
"sz",1,20141016,94611,10.09,9,78640,78,"B",10.08,10.07,10.06,10.05,10.04,10.09,10.1,10.11,10.12,10.13,6424,3479,2887,3995,2032,138,3364,1463,2135,1361
"sz",1,20141016,94615,10.09,26,259324,257,"B",10.09,10.08,10.07,10.06,10.05,10.1,10.11,10.12,10.13,10.14,59,6495,3486,2887,3995,3364,1463,2135,1361,2348
"sz",1,20141016,94617,10.09,3,145900,144,"S",10.09,10.08,10.07,10.06,10.05,10.1,10.11,10.12,10.13,10.14,29,6505,3486,2887,3995,3364,1463,2135,1361,2348
"sz",1,20141016,94621,10.09,2,18164,18,"S",10.09,10.08,10.07,10.06,10.05,10.1,10.11,10.12,10.13,10.14,11,6557,3486,2917,3995,3364,1463,2135,1361,2348
"sz",1,20141016,94624,10.09,10,218148,217,"S",10.08,10.07,10.06,10.05,10.04,10.09,10.1,10.11,10.12,10.13,6347,3786,2917,3995,2042,36,3364,1463,2135,1361
"sz",1,20141016,94627,10.1,5,60140,59,"B",10.09,10.08,10.07,10.06,10.05,10.1,10.11,10.12,10.13,10.14,73,6347,3786,2917,3995,1750,1463,2135,1361,2348
"sz",1,20141016,94629,10.09,6,171532,170,"S",10.09,10.08,10.07,10.06,10.05,10.1,10.11,10.12,10.13,10.14,249,6347,3786,2917,4081,1745,1463,2135,1361,2348
"sz",1,20141016,94633,10.09,6,453448,450,"S",10.08,10.07,10.06,10.05,10.04,10.09,10.1,10.11,10.12,10.13,6347,3786,2917,4081,2042,1172,1658,1473,2135,1361
"sz",1,20141016,94635,10.09,2,151348,150,"B",10.08,10.07,10.06,10.05,10.04,10.09,10.1,10.11,10.12,10.13,6347,3786,2905,4081,2042,1261,1632,1473,2135,1361
"sz",1,20141016,94639,10.09,6,813660,806,"B",10.08,10.07,10.06,10.05,10.04,10.09,10.1,10.11,10.12,10.13,6347,3786,2905,4134,2042,455,1632,1473,2135,1361
"sz",1,20141016,94642,10.09,1,8072,8,"B",10.08,10.07,10.06,10.05,10.04,10.09,10.1,10.11,10.12,10.13,6347,3788,2911,4143,2042,538,1642,1493,2125,1361
"sz",1,20141016,94645,10.09,7,57460,57,"B",10.08,10.07,10.06,10.05,10.04,10.09,10.1,10.11,10.12,10.13,6297,3788,2911,4143,2042,531,1642,1483,2125,1361
"sz",1,20141016,94647,10.09,4,166484,165,"B",10.08,10.07,10.06,10.05,10.04,10.09,10.1,10.11,10.12,10.13,6297,3788,2911,4143,2042,447,1642,1483,2125,1361
"sz",1,20141016,94650,10.09,1,30272,30,"B",10.08,10.07,10.06,10.05,10.04,10.09,10.1,10.11,10.12,10.13,6318,3788,2911,4143,2042,517,1642,1483,1252,1361
"sz",1,20141016,94653,10.09,7,77692,77,"B",10.08,10.07,10.06,10.05,10.04,10.09,10.1,10.11,10.12,10.13,6318,3788,2911,4143,2047,440,1708,1483,1252,1361
"sz",1,20141016,94656,10.08,4,30252,30,"S",10.08,10.07,10.06,10.05,10.04,10.09,10.1,10.11,10.12,10.13,6302,3788,2911,4143,2047,430,1708,1483,1252,1361
"sz",1,20141016,94700,10.09,2,12108,12,"B",10.08,10.07,10.06,10.05,10.04,10.09,10.1,10.11,10.12,10.13,6302,3788,2911,4143,2047,418,1708,1483,1252,1361
"sz",1,20141016,94702,10.09,34,841404,835,"B",10.08,10.07,10.06,10.05,10.04,10.09,10.1,10.11,10.12,10.13,5660,3788,2916,4136,2086,258,1743,1483,1252,1361
"sz",1,20141016,94706,10.09,10,118056,117,"B",10.08,10.07,10.06,10.05,10.04,10.09,10.1,10.11,10.12,10.13,5756,3788,2916,4136,2086,147,1753,1483,1252,1361
"sz",1,20141016,94709,10.09,23,251264,249,"B",10.08,10.07,10.06,10.05,10.04,10.09,10.1,10.11,10.12,10.13,5591,3788,2916,4136,2106,473,1753,1483,1272,1361
"sz",1,20141016,94711,10.08,11,129336,128,"S",10.08,10.07,10.06,10.05,10.04,10.09,10.1,10.11,10.12,10.13,5632,3788,2916,4136,2106,364,2581,1483,1272,1361
"sz",1,20141016,94715,10.09,2,205836,204,"B",10.08,10.07,10.06,10.05,10.04,10.09,10.1,10.11,10.12,10.13,5692,3792,2916,4136,2106,175,2581,1483,1272,1361
"sz",1,20141016,94718,10.09,7,172536,171,"B",10.08,10.07,10.06,10.05,10.04,10.09,10.1,10.11,10.12,10.13,5718,3792,2916,4236,2106,8,2581,1477,1272,1361
"sz",1,20141016,94721,10.09,6,59136,59,"B",10.09,10.08,10.07,10.06,10.05,10.1,10.11,10.12,10.13,10.14,202,5674,3842,3116,4236,2581,1477,1272,1361,2048
"sz",1,20141016,94724,10.09,5,209340,207,"S",10.08,10.07,10.06,10.05,10.04,10.09,10.1,10.11,10.12,10.13,5674,3840,3116,4236,2116,664,2781,1477,1272,1361
"sz",1,20141016,94727,10.09,7,245184,243,"B",10.08,10.07,10.06,10.05,10.04,10.09,10.1,10.11,10.12,10.13,5676,4972,3116,4236,2116,422,2781,1477,1272,1361
"sz",1,20141016,94730,10.09,1,50452,50,"B",10.08,10.07,10.06,10.05,10.04,10.09,10.1,10.11,10.12,10.13,5719,4972,3116,4236,2116,372,2798,1477,1272,1361
"sz",1,20141016,94733,10.09,3,125116,124,"B",10.08,10.07,10.06,10.05,10.04,10.09,10.1,10.11,10.12,10.13,5776,4972,3116,4236,2116,248,2798,1497,1272,1481
"sz",1,20141016,94735,10.09,1,100900,100,"B",10.08,10.07,10.06,10.05,10.04,10.09,10.1,10.11,10.12,10.13,5816,4972,3116,4287,2116,157,2798,1497,1272,1481
"sz",1,20141016,94739,10.08,6,77068,77,"S",10.08,10.07,10.06,10.05,10.04,10.09,10.1,10.11,10.12,10.13,5873,4980,3152,4287,2111,107,2798,1497,1292,1481
"sz",1,20141016,94742,10.09,5,108496,107,"B",10.09,10.08,10.07,10.06,10.05,10.1,10.11,10.12,10.13,10.14,22,5378,4980,3152,4287,2798,1497,1292,1481,2048
"sz",1,20141016,94745,10.1,1,1008,1,"B",10.09,10.08,10.07,10.06,10.05,10.1,10.11,10.12,10.13,10.14,32,5407,4980,3152,4287,2797,1497,1292,1481,2148
"sz",1,20141016,94751,10.1,4,19184,19,"B",10.09,10.08,10.07,10.06,10.05,10.1,10.11,10.12,10.13,10.14,173,5377,6224,3194,4287,2783,1497,1292,1481,2148
"sz",1,20141016,94754,10.1,2,20200,20,"B",10.09,10.08,10.07,10.06,10.05,10.1,10.11,10.12,10.13,10.14,5808,5367,6224,3175,4287,2764,1497,1292,1481,2148
"sz",1,20141016,94757,10.09,2,14936,15,"S",10.09,10.08,10.07,10.06,10.05,10.1,10.11,10.12,10.13,10.14,6204,5377,6224,3185,4287,2784,1497,1389,1481,2148
"sz",1,20141016,94800,10.1,11,464156,460,"B",10.09,10.08,10.07,10.06,10.05,10.1,10.11,10.12,10.13,10.14,5809,5377,6224,3158,4287,2759,1497,1389,1481,2148
"sz",1,20141016,94803,10.09,5,92412,92,"S",10.09,10.08,10.07,10.06,10.05,10.1,10.11,10.12,10.13,10.14,5868,5377,6224,3158,4296,2704,1497,1389,1487,2148
"sz",1,20141016,94806,10.1,26,1018080,1008,"B",10.09,10.08,10.07,10.06,10.05,10.1,10.11,10.12,10.13,10.14,5898,5387,6224,3158,4496,1702,1497,1389,1487,2148
"sz",1,20141016,94809,10.1,12,39392,39,"B",10.09,10.08,10.07,10.06,10.05,10.1,10.11,10.12,10.13,10.14,5908,5396,6224,3158,4496,1751,1497,1292,1487,2148
"sz",1,20141016,94811,10.09,6,7200,7,"S",10.09,10.08,10.07,10.06,10.05,10.1,10.11,10.12,10.13,10.14,5821,5398,6224,3158,4486,1834,1497,1292,1487,2148
"sz",1,20141016,94815,10.1,3,20200,20,"B",10.09,10.08,10.07,10.06,10.05,10.1,10.11,10.12,10.13,10.14,5849,5408,6224,3158,4506,1814,1497,1292,1487,2148
"sz",1,20141016,94818,10.1,5,34340,34,"B",10.09,10.08,10.07,10.06,10.05,10.1,10.11,10.12,10.13,10.14,5999,5408,6224,3172,4511,1780,1497,1292,1487,2148
"sz",1,20141016,94821,10.1,2,112108,111,"B",10.09,10.08,10.07,10.06,10.05,10.1,10.11,10.12,10.13,10.14,6807,5408,6224,3172,4518,1669,1497,1292,1487,2148
"sz",1,20141016,94822,10.1,1,14144,14,"B",10.09,10.08,10.07,10.06,10.05,10.1,10.11,10.12,10.13,10.14,6807,5408,6224,3172,4518,1665,1497,1292,1487,2148
"sz",1,20141016,94826,10.1,11,363584,360,"B",10.09,10.08,10.07,10.06,10.05,10.1,10.11,10.12,10.13,10.14,6721,5459,6224,3172,4518,1315,1592,1292,1487,2148
"sz",1,20141016,94830,10.09,1,32288,32,"S",10.09,10.08,10.07,10.06,10.05,10.1,10.11,10.12,10.13,10.14,6709,5654,6224,3172,4521,1315,1602,1292,1487,2148
"sz",1,20141016,94833,10.1,5,140384,139,"B",10.09,10.08,10.07,10.06,10.05,10.1,10.11,10.12,10.13,10.14,6735,5684,6224,3257,4521,1112,1602,1092,1487,2148
"sz",1,20141016,94836,10.1,2,309060,306,"B",10.09,10.08,10.07,10.06,10.05,10.1,10.11,10.12,10.13,10.14,6735,5684,6224,3257,4521,806,1507,1192,1487,2148
"sz",1,20141016,94839,10.1,4,23636,23,"B",10.09,10.08,10.07,10.06,10.05,10.1,10.11,10.12,10.13,10.14,6755,5689,6225,3257,4529,783,1507,1192,1478,2148
"sz",1,20141016,94842,10.1,3,21208,21,"B",10.09,10.08,10.07,10.06,10.05,10.1,10.11,10.12,10.13,10.14,6763,5727,5670,3257,4529,962,1507,1192,1478,2148
"sz",1,20141016,94845,10.1,3,281776,279,"B",10.09,10.08,10.07,10.06,10.05,10.1,10.11,10.12,10.13,10.14,6806,5718,5670,3257,4529,699,1507,1192,1478,2148
"sz",1,20141016,94848,10.09,8,349328,346,"S",10.09,10.08,10.07,10.06,10.05,10.1,10.11,10.12,10.13,10.14,6681,5868,5670,3257,4529,483,1507,1192,1478,2148
"sz",1,20141016,94851,10.1,2,25248,25,"B",10.09,10.08,10.07,10.06,10.05,10.1,10.11,10.12,10.13,10.14,6688,5914,5670,3257,4529,467,1507,1192,1478,2148
"sz",1,20141016,94854,10.1,2,35352,35,"B",10.09,10.08,10.07,10.06,10.05,10.1,10.11,10.12,10.13,10.14,6688,5881,5670,3257,4529,432,1507,1192,1478,2148
"sz",1,20141016,94857,10.1,17,466732,462,"B",10.1,10.09,10.08,10.07,10.06,10.11,10.12,10.13,10.14,10.15,370,6658,5901,5670,3240,1507,1192,1478,2148,6572
"sz",1,20141016,94900,10.11,1,20220,20,"B",10.1,10.09,10.08,10.07,10.06,10.11,10.12,10.13,10.14,10.15,602,6660,5919,5670,3240,1487,1192,1478,2148,6572
"sz",1,20141016,94903,10.1,4,57104,57,"S",10.1,10.09,10.08,10.07,10.06,10.11,10.12,10.13,10.14,10.15,746,6660,5947,5662,3240,1487,1192,1478,2148,6572
"sz",1,20141016,94906,10.1,12,176552,175,"S",10.1,10.09,10.08,10.07,10.06,10.11,10.12,10.13,10.14,10.15,592,6694,5947,5662,3240,1482,1192,1478,2148,6572
"sz",1,20141016,94909,10.11,11,70720,70,"B",10.1,10.09,10.08,10.07,10.06,10.11,10.12,10.13,10.14,10.15,544,6714,5945,4530,3240,1584,1192,1478,2148,6572
"sz",1,20141016,94912,10.11,4,5052,5,"B",10.1,10.09,10.08,10.07,10.06,10.11,10.12,10.13,10.14,10.15,872,6866,5885,4530,3240,1579,1285,1478,2148,6572
"sz",1,20141016,94915,10.1,1,20200,20,"S",10.1,10.09,10.08,10.07,10.06,10.11,10.12,10.13,10.14,10.15,862,6871,5895,4530,3240,1575,1279,1483,2148,6572
"sz",1,20141016,94924,10.1,2,9220,9,"S",10.1,10.09,10.08,10.07,10.06,10.11,10.12,10.13,10.14,10.15,1182,6882,5887,4516,3472,1570,1079,1489,2148,6572
"sz",1,20141016,94927,10.11,3,56600,56,"B",10.1,10.09,10.08,10.07,10.06,10.11,10.12,10.13,10.14,10.15,1075,6890,5887,4516,3472,1529,1079,1489,2148,6572
"sz",1,20141016,94930,10.11,2,10108,10,"B",10.1,10.09,10.08,10.07,10.06,10.11,10.12,10.13,10.14,10.15,3075,6890,5887,4516,3472,1514,1079,1489,2148,6572
"sz",1,20141016,94933,10.1,2,85904,85,"S",10.1,10.09,10.08,10.07,10.06,10.11,10.12,10.13,10.14,10.15,3145,7452,5887,4516,3482,1501,1029,1489,2148,6572
"sz",1,20141016,94936,10.1,3,40400,40,"S",10.1,10.09,10.08,10.07,10.06,10.11,10.12,10.13,10.14,10.15,3165,7452,5887,4516,3482,1501,1029,1489,2165,6572
"sz",1,20141016,94939,10.1,3,52764,52,"S",10.1,10.09,10.08,10.07,10.06,10.11,10.12,10.13,10.14,10.15,3133,7452,5897,4516,3482,1536,1029,1539,2165,6572
"sz",1,20141016,94941,10.1,1,37368,37,"S",10.1,10.09,10.08,10.07,10.06,10.11,10.12,10.13,10.14,10.15,3120,7452,5897,4516,3482,1536,1024,1539,2165,6572
"sz",1,20141016,94948,10.11,6,305208,302,"B",10.1,10.09,10.08,10.07,10.06,10.11,10.12,10.13,10.14,10.15,3077,7450,5898,4516,3482,1875,1024,1539,2165,6572
"sz",1,20141016,94951,10.1,3,9088,9,"S",10.1,10.09,10.08,10.07,10.06,10.11,10.12,10.13,10.14,10.15,3069,7450,5898,4516,3432,1875,802,1539,1967,6572
"sz",1,20141016,94954,10.11,3,17176,17,"B",10.1,10.09,10.08,10.07,10.06,10.11,10.12,10.13,10.14,10.15,3064,7487,5913,4516,3436,1956,802,1559,1967,6572
"sz",1,20141016,94957,10.11,1,3032,3,"B",10.1,10.09,10.08,10.07,10.06,10.11,10.12,10.13,10.14,10.15,3074,7487,6013,4516,3436,1943,802,1559,1967,6535
"sz",1,20141016,95000,10.11,1,3036,3,"B",10.1,10.09,10.08,10.07,10.06,10.11,10.12,10.13,10.14,10.15,3085,7491,6013,4516,3410,1950,822,1559,1967,6535
"sz",1,20141016,95002,10.11,6,101100,100,"B",10.1,10.09,10.08,10.07,10.06,10.11,10.12,10.13,10.14,10.15,3085,7461,6018,4516,3410,1853,822,1559,1967,6535
"sz",1,20141016,95006,10.11,3,25800,25,"B",10.1,10.09,10.08,10.07,10.06,10.11,10.12,10.13,10.14,10.15,3074,7456,6008,4516,3410,1874,822,1559,1967,6535
"sz",1,20141016,95009,10.11,13,68700,68,"B",10.1,10.09,10.08,10.07,10.06,10.11,10.12,10.13,10.14,10.15,3028,7464,6058,4516,3410,1972,842,1559,1174,6535
"sz",1,20141016,95012,10.11,4,5056,5,"B",10.1,10.09,10.08,10.07,10.06,10.11,10.12,10.13,10.14,10.15,3028,7466,6058,4516,3412,1916,875,1559,1174,6535
"sz",1,20141016,95014,10.11,5,26260,26,"B",10.1,10.09,10.08,10.07,10.06,10.11,10.12,10.13,10.14,10.15,3049,7365,6058,4516,3213,1920,875,1559,1174,6535
"sz",1,20141016,95018,10.1,11,113356,113,"S",10.1,10.09,10.08,10.07,10.06,10.11,10.12,10.13,10.14,10.15,3046,7365,6058,4516,3213,1841,875,1559,1174,6535
"sz",1,20141016,95020,10.1,3,46460,46,"S",10.1,10.09,10.08,10.07,10.06,10.11,10.12,10.13,10.14,10.15,3000,7365,6058,4516,3213,1822,875,1559,1174,6535
"sz",1,20141016,95024,10.11,2,30328,30,"B",10.1,10.09,10.08,10.07,10.06,10.11,10.12,10.13,10.14,10.15,3020,7355,6058,4516,3213,1822,782,1559,1191,6535
"sz",1,20141016,95027,10.11,1,1012,1,"B",10.1,10.09,10.08,10.07,10.06,10.11,10.12,10.13,10.14,10.15,3020,7345,6063,4516,3213,1900,793,1559,1201,6535
"sz",1,20141016,95033,10.11,4,212212,210,"B",10.1,10.09,10.08,10.07,10.06,10.11,10.12,10.13,10.14,10.15,2949,7345,6063,4516,3213,1721,809,1609,1201,6535
"sz",1,20141016,95036,10.1,3,69688,69,"S",10.1,10.09,10.08,10.07,10.06,10.11,10.12,10.13,10.14,10.15,3247,7391,6083,4516,3213,1834,809,1609,1201,6535
"sz",1,20141016,95039,10.11,7,119592,118,"B",10.1,10.09,10.08,10.07,10.06,10.11,10.12,10.13,10.14,10.15,3135,7391,6083,4516,3213,1870,849,1609,1201,6535
"sz",1,20141016,95042,10.11,3,37384,37,"B",10.1,10.09,10.08,10.07,10.06,10.11,10.12,10.13,10.14,10.15,3209,7391,6083,4516,3213,1856,849,1609,1201,6535
"sz",1,20141016,95045,10.1,10,157160,156,"S",10.1,10.09,10.08,10.07,10.06,10.11,10.12,10.13,10.14,10.15,3563,7384,6083,4496,3212,1772,849,1609,1201,6535
"sz",1,20141016,95047,10.11,2,150640,149,"B",10.1,10.09,10.08,10.07,10.06,10.11,10.12,10.13,10.14,10.15,3563,7384,6083,4496,3212,1743,849,1609,1201,6535
"sz",1,20141016,95050,10.1,4,147512,146,"S",10.1,10.09,10.08,10.07,10.06,10.11,10.12,10.13,10.14,10.15,3486,7384,6083,4496,3212,1693,849,1609,1201,6535
"sz",1,20141016,95054,10.1,2,21208,21,"S",10.1,10.09,10.08,10.07,10.06,10.11,10.12,10.13,10.14,10.15,3503,7384,6086,4496,3212,1754,849,1609,1208,6535
"sz",1,20141016,95057,10.1,9,150488,149,"S",10.1,10.09,10.08,10.07,10.06,10.11,10.12,10.13,10.14,10.15,3355,7452,6016,4496,3212,1710,849,1609,1208,6535
"sz",1,20141016,95100,10.1,9,557632,552,"S",10.1,10.09,10.08,10.07,10.06,10.11,10.12,10.13,10.14,10.15,2917,7452,6026,4496,3212,1658,989,1602,1208,6535
"sz",1,20141016,95103,10.1,13,212824,210,"S",10.1,10.09,10.08,10.07,10.06,10.11,10.12,10.13,10.14,10.15,2901,7498,6026,4496,3212,1536,989,1602,1208,6535
"sz",1,20141016,95106,10.11,16,310184,307,"B",10.1,10.09,10.08,10.07,10.06,10.11,10.12,10.13,10.14,10.15,2711,7498,6026,4496,3212,1528,989,1602,1208,6535
"sz",1,20141016,95109,10.11,11,242432,240,"B",10.1,10.09,10.08,10.07,10.06,10.11,10.12,10.13,10.14,10.15,2489,7498,6026,4496,3212,1508,989,1602,1208,6535
"sz",1,20141016,95112,10.1,9,109624,109,"S",10.1,10.09,10.08,10.07,10.06,10.11,10.12,10.13,10.14,10.15,2486,7498,5996,4496,3212,1412,989,1602,1208,6535
"sz",1,20141016,95114,10.11,10,178000,176,"B",10.1,10.09,10.08,10.07,10.06,10.11,10.12,10.13,10.14,10.15,2413,7498,5951,4496,3312,1331,996,1602,1208,6535
"sz",1,20141016,95118,10.1,4,115240,114,"S",10.1,10.09,10.08,10.07,10.06,10.11,10.12,10.13,10.14,10.15,2464,7498,5980,4496,3312,1346,996,1602,1208,6543
"sz",1,20141016,95121,10.1,1,118168,117,"S",10.1,10.09,10.08,10.07,10.06,10.11,10.12,10.13,10.14,10.15,2347,7498,5980,4496,3312,1446,996,1602,1215,6543
"sz",1,20141016,95124,10.1,2,264704,262,"S",10.1,10.09,10.08,10.07,10.06,10.11,10.12,10.13,10.14,10.15,2198,7546,5985,4496,3312,1476,996,1602,1215,6543
"sz",1,20141016,95127,10.1,2,202000,200,"S",10.1,10.09,10.08,10.07,10.06,10.11,10.12,10.13,10.14,10.15,2124,7546,5938,4496,3315,1476,1000,1602,1515,6543
"sz",1,20141016,95130,10.11,2,5056,5,"B",10.1,10.09,10.08,10.07,10.06,10.11,10.12,10.13,10.14,10.15,2119,7546,5918,4546,3315,1452,1000,1602,1515,6543
"sz",1,20141016,95132,10.11,4,275976,273,"B",10.1,10.09,10.08,10.07,10.06,10.11,10.12,10.13,10.14,10.15,1747,7548,5921,4546,3315,1229,1000,1602,1515,6543
"sz",1,20141016,95139,10.1,34,1010408,1000,"S",10.1,10.09,10.08,10.07,10.06,10.11,10.12,10.13,10.14,10.15,762,7550,5921,4546,3335,1282,1000,1602,1515,6543
"sz",1,20141016,95142,10.1,2,213112,211,"S",10.1,10.09,10.08,10.07,10.06,10.11,10.12,10.13,10.14,10.15,577,7550,6021,4546,3335,1345,1000,1697,1515,6543
"sz",1,20141016,95144,10.1,7,211088,209,"S",10.1,10.09,10.08,10.07,10.06,10.11,10.12,10.13,10.14,10.15,472,7550,6041,4546,3335,1345,1000,1697,1515,6557
"sz",1,20141016,95148,10.1,27,626176,620,"S",10.09,10.08,10.07,10.06,10.05,10.1,10.11,10.12,10.13,10.14,7550,6021,4546,3335,4646,278,1243,1000,1697,1515
"sz",1,20141016,95151,10.1,1,10104,10,"B",10.09,10.08,10.07,10.06,10.05,10.1,10.11,10.12,10.13,10.14,7550,6021,4546,3335,4691,235,1262,1000,1827,1515
"sz",1,20141016,95154,10.1,4,58680,58,"B",10.09,10.08,10.07,10.06,10.05,10.1,10.11,10.12,10.13,10.14,7508,6021,4546,3335,4691,233,1257,1000,1827,1515
"sz",1,20141016,95200,10.1,4,40400,40,"B",10.09,10.08,10.07,10.06,10.05,10.1,10.11,10.12,10.13,10.14,7508,6021,4546,3335,4691,246,1297,1060,1827,1515
"sz",1,20141016,95203,10.09,3,142936,142,"S",10.09,10.08,10.07,10.06,10.05,10.1,10.11,10.12,10.13,10.14,7486,6021,4546,3335,4691,126,1278,1060,1827,1515
"sz",1,20141016,95206,10.1,9,152512,151,"B",10.1,10.09,10.08,10.07,10.06,10.11,10.12,10.13,10.14,10.15,20,7491,6021,4546,3335,1278,1060,1887,1515,7019
"sz",1,20141016,95209,10.11,17,71720,71,"B",10.1,10.09,10.08,10.07,10.06,10.11,10.12,10.13,10.14,10.15,4,7500,6041,4546,3335,1228,1060,1892,1515,7019
"sz",1,20141016,95212,10.1,10,28296,28,"S",10.1,10.09,10.08,10.07,10.06,10.11,10.12,10.13,10.14,10.15,49,7509,6041,4546,3535,1215,1060,1872,1575,7047
"sz",1,20141016,95215,10.1,6,166648,165,"S",10.09,10.08,10.07,10.06,10.05,10.1,10.11,10.12,10.13,10.14,7504,6041,4546,3535,4725,39,1212,1060,1882,1575
"sz",1,20141016,95218,10.1,5,108128,107,"B",10.09,10.08,10.07,10.06,10.05,10.1,10.11,10.12,10.13,10.14,7584,6041,4546,3535,4725,102,1151,1060,1882,1575
"sz",1,20141016,95221,10.1,2,10104,10,"B",10.09,10.08,10.07,10.06,10.05,10.1,10.11,10.12,10.13,10.14,7584,6041,4563,3510,4725,212,1151,1060,1882,1575
"sz",1,20141016,95224,10.09,4,79920,79,"S",10.09,10.08,10.07,10.06,10.05,10.1,10.11,10.12,10.13,10.14,7680,6043,4563,3510,4725,137,1171,1060,1882,1575
"sz",1,20141016,95227,10.1,5,44424,44,"B",10.09,10.08,10.07,10.06,10.05,10.1,10.11,10.12,10.13,10.14,7678,6043,4558,3510,4725,103,1171,1060,1882,1575
"sz",1,20141016,95230,10.1,4,223216,221,"B",10.09,10.08,10.07,10.06,10.05,10.1,10.11,10.12,10.13,10.14,7720,6049,4558,3510,4725,158,1170,1060,1882,1575
"sz",1,20141016,95233,10.1,15,332384,329,"B",10.1,10.09,10.08,10.07,10.06,10.11,10.12,10.13,10.14,10.15,27,7720,6049,4568,3510,1011,1079,1882,1575,7107
"sz",1,20141016,95242,10.1,8,206448,204,"S",10.1,10.09,10.08,10.07,10.06,10.11,10.12,10.13,10.14,10.15,301,7888,6132,4573,3510,1043,1079,1889,1555,7107
"sz",1,20141016,95248,10.11,3,101104,100,"B",10.1,10.09,10.08,10.07,10.06,10.11,10.12,10.13,10.14,10.15,401,7888,6132,4573,3510,942,1079,1759,1555,7107
"sz",1,20141016,95251,10.11,17,515608,510,"B",10.1,10.09,10.08,10.07,10.06,10.11,10.12,10.13,10.14,10.15,615,7926,6132,4573,3530,432,1079,1759,1555,7107
"sz",1,20141016,95254,10.1,2,43432,43,"S",10.1,10.09,10.08,10.07,10.06,10.11,10.12,10.13,10.14,10.15,572,7960,6132,4573,3530,441,1079,1759,1555,7107
"sz",1,20141016,95255,10.1,3,111096,110,"S",10.1,10.09,10.08,10.07,10.06,10.11,10.12,10.13,10.14,10.15,462,7960,6142,4573,3530,446,1099,1759,1555,7107
"sz",1,20141016,95303,10.11,7,156216,155,"B",10.1,10.09,10.08,10.07,10.06,10.11,10.12,10.13,10.14,10.15,499,7872,6042,4373,3530,313,1210,1759,1555,7107
"sz",1,20141016,95306,10.11,5,7080,7,"B",10.1,10.09,10.08,10.07,10.06,10.11,10.12,10.13,10.14,10.15,599,7887,6042,4343,3530,332,1210,1759,1555,7107
"sz",1,20141016,95309,10.11,21,380816,377,"B",10.1,10.09,10.08,10.07,10.06,10.11,10.12,10.13,10.14,10.15,329,7837,6042,4363,3530,406,1210,1759,1555,7107
"sz",1,20141016,95311,10.1,4,58584,58,"S",10.1,10.09,10.08,10.07,10.06,10.11,10.12,10.13,10.14,10.15,279,7837,6042,4363,3530,448,1210,1759,1555,7107
"sz",1,20141016,95318,10.11,8,161704,160,"B",10.1,10.09,10.08,10.07,10.06,10.11,10.12,10.13,10.14,10.15,270,7837,6033,4363,3530,474,1210,1759,1555,7107
"sz",1,20141016,95324,10.11,8,78920,78,"B",10.1,10.09,10.08,10.07,10.06,10.11,10.12,10.13,10.14,10.15,298,7837,6033,4368,3530,989,1190,1759,1555,7117
"sz",1,20141016,95326,10.1,10,158568,157,"S",10.1,10.09,10.08,10.07,10.06,10.11,10.12,10.13,10.14,10.15,351,7837,6033,4368,3530,1019,1074,1759,1565,7117
"sz",1,20141016,95330,10.1,4,63632,63,"S",10.1,10.09,10.08,10.07,10.06,10.11,10.12,10.13,10.14,10.15,1218,7837,6033,4363,3530,1322,1074,1759,1565,7117
"sz",1,20141016,95332,10.1,6,128368,127,"S",10.1,10.09,10.08,10.07,10.06,10.11,10.12,10.13,10.14,10.15,1294,7837,6033,4363,3530,1251,1074,1759,1565,7117
"sz",1,20141016,95336,10.1,7,269672,267,"S",10.1,10.09,10.08,10.07,10.06,10.11,10.12,10.13,10.14,10.15,1132,7837,6033,4363,3530,1251,1074,1759,1565,7117
"sz",1,20141016,95339,10.1,1,23224,23,"S",10.1,10.09,10.08,10.07,10.06,10.11,10.12,10.13,10.14,10.15,1160,7837,6038,4363,3525,1270,1074,1759,1565,7117
"sz",1,20141016,95342,10.1,6,114144,113,"S",10.1,10.09,10.08,10.07,10.06,10.11,10.12,10.13,10.14,10.15,1963,7837,6034,4363,3525,1264,1124,1759,1565,7117
"sz",1,20141016,95345,10.1,2,19592,19,"S",10.1,10.09,10.08,10.07,10.06,10.11,10.12,10.13,10.14,10.15,1954,7837,6034,4363,3525,1257,1124,1759,1567,7117
"sz",1,20141016,95348,10.1,12,153624,152,"S",10.1,10.09,10.08,10.07,10.06,10.11,10.12,10.13,10.14,10.15,1912,7837,6034,4363,3525,1119,1124,1759,1567,7090
"sz",1,20141016,95351,10.1,3,219168,217,"S",10.1,10.09,10.08,10.07,10.06,10.11,10.12,10.13,10.14,10.15,1889,7847,6034,4363,3525,1119,1104,1759,1567,7090
"sz",1,20141016,95353,10.1,1,30296,30,"S",10.1,10.09,10.08,10.07,10.06,10.11,10.12,10.13,10.14,10.15,3039,7845,6034,4363,3525,1119,1104,1753,1567,7090
"sz",1,20141016,95357,10.11,1,5056,5,"B",10.1,10.09,10.08,10.07,10.06,10.11,10.12,10.13,10.14,10.15,3039,7854,6034,4363,3525,1319,1154,1753,1567,7090
"sz",1,20141016,95359,10.1,2,24240,24,"S",10.1,10.09,10.08,10.07,10.06,10.11,10.12,10.13,10.14,10.15,3033,7839,6034,4363,3525,1310,1154,1753,1617,7090
"sz",1,20141016,95402,10.1,11,454448,450,"S",10.1,10.09,10.08,10.07,10.06,10.11,10.12,10.13,10.14,10.15,3087,7839,6034,4363,3525,905,1154,1753,1617,7090
"sz",1,20141016,95406,10.11,4,26272,26,"B",10.1,10.09,10.08,10.07,10.06,10.11,10.12,10.13,10.14,10.15,3081,7841,6034,4363,3525,921,1144,1753,1617,7090
"sz",1,20141016,95409,10.11,11,148520,147,"B",10.1,10.09,10.08,10.07,10.06,10.11,10.12,10.13,10.14,10.15,2981,7841,6034,4363,3525,880,1244,1753,1617,7090
"sz",1,20141016,95412,10.1,6,79800,79,"S",10.1,10.09,10.08,10.07,10.06,10.11,10.12,10.13,10.14,10.15,2910,7841,6034,4363,3525,892,1244,1753,1617,7090
"sz",1,20141016,95418,10.11,4,101232,100,"B",10.1,10.09,10.08,10.07,10.06,10.11,10.12,10.13,10.14,10.15,2943,7841,6034,4363,3745,893,1244,1753,1617,7090
"sz",1,20141016,95421,10.1,2,30296,30,"S",10.1,10.09,10.08,10.07,10.06,10.11,10.12,10.13,10.14,10.15,2913,7841,6034,3983,3745,893,1244,1753,1617,7090
"sz",1,20141016,95424,10.11,5,76840,76,"B",10.1,10.09,10.08,10.07,10.06,10.11,10.12,10.13,10.14,10.15,2913,7841,6034,3983,3745,857,1244,1753,1617,7090
"sz",1,20141016,95427,10.1,1,6056,6,"S",10.1,10.09,10.08,10.07,10.06,10.11,10.12,10.13,10.14,10.15,2907,7841,6039,3983,3745,964,1254,1753,1617,7090
"sz",1,20141016,95429,10.1,7,454504,450,"S",10.1,10.09,10.08,10.07,10.06,10.11,10.12,10.13,10.14,10.15,2497,7821,6044,3983,3745,1010,1254,1753,1617,7090
"sz",1,20141016,95433,10.11,2,116264,115,"B",10.1,10.09,10.08,10.07,10.06,10.11,10.12,10.13,10.14,10.15,2497,7821,6044,3983,3745,1328,1254,1753,1622,7090
"sz",1,20141016,95436,10.1,11,559032,553,"S",10.1,10.09,10.08,10.07,10.06,10.11,10.12,10.13,10.14,10.15,1565,7821,6044,3983,3755,834,1254,1753,1622,7090
"sz",1,20141016,95448,10.11,9,121704,120,"B",10.1,10.09,10.08,10.07,10.06,10.11,10.12,10.13,10.14,10.15,1542,7842,6045,3983,3755,949,1224,1753,1622,7090
"sz",1,20141016,95451,10.11,2,3032,3,"B",10.1,10.09,10.08,10.07,10.06,10.11,10.12,10.13,10.14,10.15,1542,7842,6045,3983,3755,946,1224,1753,1622,7090
"sz",1,20141016,95453,10.11,1,2016,2,"B",10.1,10.09,10.08,10.07,10.06,10.11,10.12,10.13,10.14,10.15,1546,7892,6035,3983,3755,954,1224,1753,1622,7090
"sz",1,20141016,95457,10.1,4,19200,19,"S",10.1,10.09,10.08,10.07,10.06,10.11,10.12,10.13,10.14,10.15,1550,7892,6035,3983,3755,1251,1205,1753,1622,7090
"sz",1,20141016,95500,10.11,2,45472,45,"B",10.1,10.09,10.08,10.07,10.06,10.11,10.12,10.13,10.14,10.15,1530,7931,6040,4003,3755,1241,1205,1753,1622,7090
"sz",1,20141016,95503,10.1,7,324856,322,"S",10.1,10.09,10.08,10.07,10.06,10.11,10.12,10.13,10.14,10.15,1308,7931,6040,4003,3755,1191,1205,1753,1622,7100
"sz",1,20141016,95506,10.11,3,11112,11,"B",10.1,10.09,10.08,10.07,10.06,10.11,10.12,10.13,10.14,10.15,1303,7911,6060,4003,3755,1304,1205,1753,1622,7100
"sz",1,20141016,95509,10.11,14,59608,59,"B",10.1,10.09,10.08,10.07,10.06,10.11,10.12,10.13,10.14,10.15,1259,7911,6060,4003,3755,1287,1205,1753,1622,7100
"sz",1,20141016,95512,10.11,6,9104,9,"B",10.1,10.09,10.08,10.07,10.06,10.11,10.12,10.13,10.14,10.15,1259,7911,6060,4003,3755,1303,1205,1753,1622,7100
"sz",1,20141016,95514,10.1,2,37368,37,"S",10.1,10.09,10.08,10.07,10.06,10.11,10.12,10.13,10.14,10.15,1223,7911,6965,4003,3755,1316,1205,1753,1622,7100
"sz",1,20141016,95518,10.11,4,126352,125,"B",10.1,10.09,10.08,10.07,10.06,10.11,10.12,10.13,10.14,10.15,1301,7911,6969,4003,3755,1226,1205,1753,1622,7100
"sz",1,20141016,95521,10.1,1,50496,50,"S",10.1,10.09,10.08,10.07,10.06,10.11,10.12,10.13,10.14,10.15,1251,7911,6969,4003,3773,1351,1230,1753,1622,7100
"sz",1,20141016,95524,10.1,14,956472,947,"S",10.1,10.09,10.08,10.07,10.06,10.11,10.12,10.13,10.14,10.15,306,7911,6989,4003,3773,1381,1230,1753,1622,7100
"sz",1,20141016,95529,10.09,14,330168,327,"S",10.09,10.08,10.07,10.06,10.05,10.1,10.11,10.12,10.13,10.14,7891,6989,4003,3773,4486,1077,1434,1230,1753,1622
"sz",1,20141016,95533,10.1,2,103024,102,"B",10.09,10.08,10.07,10.06,10.05,10.1,10.11,10.12,10.13,10.14,7891,6989,4003,3773,4486,1030,1434,1230,1753,1632
"sz",1,20141016,95536,10.1,1,5048,5,"B",10.09,10.08,10.07,10.06,10.05,10.1,10.11,10.12,10.13,10.14,7891,6989,4003,3773,4491,1301,1434,1230,1753,1632
"sz",1,20141016,95545,10.09,1,400,0,"B",10.09,10.08,10.07,10.06,10.05,10.1,10.11,10.12,10.13,10.14,7941,6989,4003,3780,4491,1368,1234,1230,1753,1632
"sz",1,20141016,95547,10.1,1,101000,100,"B",10.09,10.08,10.07,10.06,10.05,10.1,10.11,10.12,10.13,10.14,7944,6989,4003,3780,4491,1268,1244,1230,1753,1632
"sz",1,20141016,95551,10.1,1,1016,1,"B",10.09,10.08,10.07,10.06,10.05,10.1,10.11,10.12,10.13,10.14,7944,5468,4003,3780,4491,1567,1244,1230,1753,1632
"sz",1,20141016,95554,10.09,2,11104,11,"S",10.09,10.08,10.07,10.06,10.05,10.1,10.11,10.12,10.13,10.14,7933,5468,4003,3780,4566,1607,1236,1230,1753,1632
"sz",1,20141016,95557,10.1,3,45448,45,"B",10.09,10.08,10.07,10.06,10.05,10.1,10.11,10.12,10.13,10.14,7949,5468,4003,3780,4566,1584,1236,1230,1753,1632
"sz",1,20141016,95559,10.1,1,39392,39,"B",10.09,10.08,10.07,10.06,10.05,10.1,10.11,10.12,10.13,10.14,7949,5468,3978,3780,4566,1545,1136,1230,1658,1632
"sz",1,20141016,95603,10.1,4,225760,224,"B",10.09,10.08,10.07,10.06,10.05,10.1,10.11,10.12,10.13,10.14,7927,5468,3978,3780,4566,1546,1136,1230,1658,1782
"sz",1,20141016,95605,10.09,1,117240,116,"S",10.09,10.08,10.07,10.06,10.05,10.1,10.11,10.12,10.13,10.14,7811,5467,3978,3780,4581,1552,1136,1230,1658,1782
"sz",1,20141016,95608,10.1,6,9096,9,"B",10.09,10.08,10.07,10.06,10.05,10.1,10.11,10.12,10.13,10.14,7811,5467,3978,3780,4581,1543,743,1230,1658,1782
"sz",1,20141016,95612,10.1,5,9088,9,"B",10.09,10.08,10.07,10.06,10.05,10.1,10.11,10.12,10.13,10.14,7811,5467,3978,3780,4581,1534,743,1230,1658,1782
"sz",1,20141016,95615,10.1,3,103016,102,"B",10.09,10.08,10.07,10.06,10.05,10.1,10.11,10.12,10.13,10.14,8191,5467,3978,3780,4591,1504,731,1230,1658,1782
"sz",1,20141016,95617,10.1,7,199984,198,"B",10.09,10.08,10.07,10.06,10.05,10.1,10.11,10.12,10.13,10.14,8186,5467,3978,3780,4591,1306,731,1230,1658,1883
"sz",1,20141016,95620,10.1,3,4040,4,"B",10.09,10.08,10.07,10.06,10.05,10.1,10.11,10.12,10.13,10.14,8186,5467,3978,3785,4591,1302,731,1230,1658,1908
"sz",1,20141016,95624,10.1,2,12112,12,"B",10.09,10.08,10.07,10.06,10.05,10.1,10.11,10.12,10.13,10.14,8186,5467,3978,3785,4591,1300,731,1230,1658,1908
"sz",1,20141016,95626,10.1,3,37344,37,"B",10.09,10.08,10.07,10.06,10.05,10.1,10.11,10.12,10.13,10.14,8167,5487,3978,3760,4735,1210,731,1230,1658,1908
"sz",1,20141016,95630,10.1,1,2024,2,"B",10.09,10.08,10.07,10.06,10.05,10.1,10.11,10.12,10.13,10.14,8167,5487,3978,3760,4745,1366,731,1230,1658,1908
"sz",1,20141016,95633,10.1,7,287848,285,"B",10.09,10.08,10.07,10.06,10.05,10.1,10.11,10.12,10.13,10.14,8159,5487,3978,3760,4745,1081,731,1230,1658,1908
"sz",1,20141016,95635,10.1,1,10104,10,"B",10.09,10.08,10.07,10.06,10.05,10.1,10.11,10.12,10.13,10.14,8010,5517,3978,3760,4745,1071,750,1230,1658,2058
"sz",1,20141016,95639,10.1,1,29288,29,"B",10.09,10.08,10.07,10.06,10.05,10.1,10.11,10.12,10.13,10.14,8020,5517,3978,3760,4745,1042,1137,1230,1658,2058
"sz",1,20141016,95645,10.09,1,400,0,"B",10.09,10.08,10.07,10.06,10.05,10.1,10.11,10.12,10.13,10.14,8020,5517,3978,3760,4745,1586,1145,1230,1658,2058
"sz",1,20141016,95648,10.1,3,116928,116,"B",10.09,10.08,10.07,10.06,10.05,10.1,10.11,10.12,10.13,10.14,8054,5517,3978,3760,4745,1486,1147,1180,1658,2058
"sz",1,20141016,95651,10.09,2,11104,11,"S",10.09,10.08,10.07,10.06,10.05,10.1,10.11,10.12,10.13,10.14,8053,5519,3978,3760,4745,1496,1147,1180,1658,2058
"sz",1,20141016,95652,10.09,1,5048,5,"S",10.09,10.08,10.07,10.06,10.05,10.1,10.11,10.12,10.13,10.14,8048,5519,3978,3760,4745,1496,1114,1180,1658,2058
"sz",1,20141016,95657,10.09,4,135976,135,"S",10.09,10.08,10.07,10.06,10.05,10.1,10.11,10.12,10.13,10.14,7922,5519,3978,3760,4745,1677,1164,1180,1658,2058
"sz",1,20141016,95702,10.09,7,130808,130,"S",10.09,10.08,10.07,10.06,10.05,10.1,10.11,10.12,10.13,10.14,7874,5519,3978,3780,4745,1583,1164,1180,1658,2058
"sz",1,20141016,95706,10.1,3,25232,25,"B",10.09,10.08,10.07,10.06,10.05,10.1,10.11,10.12,10.13,10.14,7934,5519,3978,3780,4745,1684,1414,1180,1658,2058
"sz",1,20141016,95709,10.1,7,12120,12,"B",10.09,10.08,10.07,10.06,10.05,10.1,10.11,10.12,10.13,10.14,7944,5526,3978,3780,4745,1672,1414,1176,1658,2060
"sz",1,20141016,95712,10.1,14,386816,383,"B",10.09,10.08,10.07,10.06,10.05,10.1,10.11,10.12,10.13,10.14,7932,8026,3978,3780,4745,1301,1414,1176,1658,2060
"sz",1,20141016,95715,10.1,5,18184,18,"B",10.09,10.08,10.07,10.06,10.05,10.1,10.11,10.12,10.13,10.14,7952,8026,3978,3780,4745,1286,1384,1176,1658,2060
"sz",1,20141016,95718,10.1,4,133320,132,"B",10.09,10.08,10.07,10.06,10.05,10.1,10.11,10.12,10.13,10.14,7952,8026,3978,3780,4740,1154,1394,1176,1652,2060
"sz",1,20141016,95724,10.09,2,41368,41,"S",10.09,10.08,10.07,10.06,10.05,10.1,10.11,10.12,10.13,10.14,7918,8063,3978,3780,4740,1187,1398,1176,1652,2060
"sz",1,20141016,95727,10.1,1,3032,3,"B",10.09,10.08,10.07,10.06,10.05,10.1,10.11,10.12,10.13,10.14,7938,8063,3978,3780,4760,1237,1404,1176,1652,2060
"sz",1,20141016,95729,10.1,1,5048,5,"B",10.09,10.08,10.07,10.06,10.05,10.1,10.11,10.12,10.13,10.14,7558,7963,3988,3799,4760,1316,1385,1176,1652,2060
"sz",1,20141016,95733,10.1,5,121176,120,"B",10.09,10.08,10.07,10.06,10.05,10.1,10.11,10.12,10.13,10.14,7538,8102,3988,3799,4760,1216,1385,1176,1652,2060
"sz",1,20141016,95736,10.1,2,5056,5,"B",10.09,10.08,10.07,10.06,10.05,10.1,10.11,10.12,10.13,10.14,7547,8102,3988,3799,4760,1127,1385,1176,1652,2060
"sz",1,20141016,95739,10.09,10,688752,682,"S",10.09,10.08,10.07,10.06,10.05,10.1,10.11,10.12,10.13,10.14,6478,8100,3988,3799,4795,862,1429,1176,1652,2060
"sz",1,20141016,95742,10.09,3,28456,28,"S",10.09,10.08,10.07,10.06,10.05,10.1,10.11,10.12,10.13,10.14,6453,8100,3988,3799,4795,869,1419,1176,1652,2064
"sz",1,20141016,95744,10.1,1,20200,20,"B",10.09,10.08,10.07,10.06,10.05,10.1,10.11,10.12,10.13,10.14,6453,8100,3988,3799,4795,853,1419,1176,1652,2064
"sz",1,20141016,95748,10.1,1,101000,100,"B",10.09,10.08,10.07,10.06,10.05,10.1,10.11,10.12,10.13,10.14,6599,8100,3983,3809,4800,757,1419,1176,1652,2064
"sz",1,20141016,95750,10.09,1,6056,6,"S",10.09,10.08,10.07,10.06,10.05,10.1,10.11,10.12,10.13,10.14,6595,8100,3983,3809,4800,786,1455,1176,1652,2064
"sz",1,20141016,95753,10.09,1,1008,1,"S",10.09,10.08,10.07,10.06,10.05,10.1,10.11,10.12,10.13,10.14,6594,8100,3983,3809,4800,886,1410,1176,1652,2064
"sz",1,20141016,95800,10.1,1,10104,10,"B",10.09,10.08,10.07,10.06,10.05,10.1,10.11,10.12,10.13,10.14,6594,8106,4013,3809,4800,876,1440,1176,1652,2064
"sz",1,20141016,95803,10.09,4,143944,143,"S",10.09,10.08,10.07,10.06,10.05,10.1,10.11,10.12,10.13,10.14,6591,8106,4013,3809,4800,786,1440,1176,1652,2064
"sz",1,20141016,95806,10.1,7,152456,151,"B",10.09,10.08,10.07,10.06,10.05,10.1,10.11,10.12,10.13,10.14,6543,8106,4013,3809,4805,697,1440,1176,1652,2064
"sz",1,20141016,95809,10.1,9,70704,70,"B",10.09,10.08,10.07,10.06,10.05,10.1,10.11,10.12,10.13,10.14,6543,8117,4013,3809,4905,627,1440,1176,1652,2064
"sz",1,20141016,95812,10.1,7,15144,15,"B",10.09,10.08,10.07,10.06,10.05,10.1,10.11,10.12,10.13,10.14,6540,8115,4013,3809,4905,642,1440,1176,1652,2064
"sz",1,20141016,95815,10.1,2,25248,25,"B",10.09,10.08,10.07,10.06,10.05,10.1,10.11,10.12,10.13,10.14,6559,8115,4017,3809,4905,622,1440,1176,1652,2064
"sz",1,20141016,95818,10.1,3,101000,100,"B",10.09,10.08,10.07,10.06,10.05,10.1,10.11,10.12,10.13,10.14,6559,8115,4027,3809,4905,872,1462,1176,1652,2064
"sz",1,20141016,95824,10.09,6,191896,190,"S",10.09,10.08,10.07,10.06,10.05,10.1,10.11,10.12,10.13,10.14,6553,8116,4027,3809,4905,655,1462,1176,1652,2064
"sz",1,20141016,95829,10.1,3,20328,20,"B",10.09,10.08,10.07,10.06,10.05,10.1,10.11,10.12,10.13,10.14,6722,8116,4027,3809,4905,721,1462,1176,1652,2064
"sz",1,20141016,95833,10.1,14,192912,191,"B",10.09,10.08,10.07,10.06,10.05,10.1,10.11,10.12,10.13,10.14,6719,8116,4027,3809,4905,550,1462,1176,1652,2064
"sz",1,20141016,95838,10.1,8,105040,104,"B",10.09,10.08,10.07,10.06,10.05,10.1,10.11,10.12,10.13,10.14,6719,8116,4027,3809,5005,446,1462,1176,1652,2064
"sz",1,20141016,95842,10.09,2,31288,31,"S",10.09,10.08,10.07,10.06,10.05,10.1,10.11,10.12,10.13,10.14,6758,8116,4027,3809,5005,523,1462,1176,1652,2064
"sz",1,20141016,95845,10.1,5,124632,123,"B",10.09,10.08,10.07,10.06,10.05,10.1,10.11,10.12,10.13,10.14,6758,8118,4027,3809,5055,408,1462,1176,1652,2064
"sz",1,20141016,95847,10.1,2,111096,110,"B",10.09,10.08,10.07,10.06,10.05,10.1,10.11,10.12,10.13,10.14,6798,8120,4027,3809,5055,328,1462,1176,1652,2064
"sz",1,20141016,95851,10.1,2,6056,6,"B",10.09,10.08,10.07,10.06,10.05,10.1,10.11,10.12,10.13,10.14,6912,8131,4027,3809,5065,323,1462,1046,1652,2064
"sz",1,20141016,95853,10.1,2,28280,28,"B",10.09,10.08,10.07,10.06,10.05,10.1,10.11,10.12,10.13,10.14,6790,8134,4047,3809,5059,295,1462,1046,1652,2064
"sz",1,20141016,95856,10.1,2,49488,49,"B",10.09,10.08,10.07,10.06,10.05,10.1,10.11,10.12,10.13,10.14,6790,8134,4047,3809,5059,256,1462,1046,1652,2064
"sz",1,20141016,95903,10.1,5,122736,122,"B",10.09,10.08,10.07,10.06,10.05,10.1,10.11,10.12,10.13,10.14,6778,8134,4047,3809,5059,246,1449,1046,1652,2064
"sz",1,20141016,95906,10.1,6,20200,20,"B",10.09,10.08,10.07,10.06,10.05,10.1,10.11,10.12,10.13,10.14,6918,8134,4047,3809,5059,232,1449,1046,1652,2064
"sz",1,20141016,95909,10.1,14,157560,156,"B",10.09,10.08,10.07,10.06,10.05,10.1,10.11,10.12,10.13,10.14,6918,8132,4047,3809,5060,76,1449,1046,1652,2064
"sz",1,20141016,95912,10.1,7,43216,43,"B",10.09,10.08,10.07,10.06,10.05,10.1,10.11,10.12,10.13,10.14,6972,8132,4047,3809,5060,46,1449,1046,1652,2064
"sz",1,20141016,95914,10.1,7,72928,72,"B",10.1,10.09,10.08,10.07,10.06,10.11,10.12,10.13,10.14,10.15,98,6972,8132,4047,3809,1449,1046,1652,2064,6802
"sz",1,20141016,95921,10.1,3,188800,187,"S",10.1,10.09,10.08,10.07,10.06,10.11,10.12,10.13,10.14,10.15,202,7067,8132,4047,3809,1712,1046,1652,2064,6802
"sz",1,20141016,95923,10.1,8,121200,120,"S",10.1,10.09,10.08,10.07,10.06,10.11,10.12,10.13,10.14,10.15,130,7065,8132,4047,3809,1712,1046,1652,2064,6802
"sz",1,20141016,95927,10.11,4,36400,36,"B",10.1,10.09,10.08,10.07,10.06,10.11,10.12,10.13,10.14,10.15,183,7068,8132,3947,3809,1679,1046,1652,2064,6802
"sz",1,20141016,95932,10.1,1,2016,2,"S",10.1,10.09,10.08,10.07,10.06,10.11,10.12,10.13,10.14,10.15,430,7258,8132,3947,3809,1683,1058,1652,2064,6802
"sz",1,20141016,95935,10.1,3,60600,60,"S",10.1,10.09,10.08,10.07,10.06,10.11,10.12,10.13,10.14,10.15,370,7251,8132,3947,3809,1653,1058,1652,2064,6802
"sz",1,20141016,95939,10.11,16,737032,730,"B",10.1,10.09,10.08,10.07,10.06,10.11,10.12,10.13,10.14,10.15,39,6970,8132,3947,3809,1639,1058,1652,2064,6802
"sz",1,20141016,95941,10.09,3,39792,39,"S",10.09,10.08,10.07,10.06,10.05,10.1,10.11,10.12,10.13,10.14,6969,8132,3947,3809,5082,61,1639,1058,1652,2034
"sz",1,20141016,95947,10.1,4,72712,72,"B",10.1,10.09,10.08,10.07,10.06,10.11,10.12,10.13,10.14,10.15,77,6925,8132,3947,3809,1635,1058,1652,2034,6828
"sz",1,20141016,95950,10.11,3,48488,48,"B",10.1,10.09,10.08,10.07,10.06,10.11,10.12,10.13,10.14,10.15,40,6925,8132,3927,3789,1626,1090,1652,2034,6828
"sz",1,20141016,95954,10.1,3,88880,88,"S",10.1,10.09,10.08,10.07,10.06,10.11,10.12,10.13,10.14,10.15,2,6927,9655,3927,3789,1626,1090,1652,2034,6828
"sz",1,20141016,100003,10.1,3,32664,32,"S",10.1,10.09,10.08,10.07,10.06,10.11,10.12,10.13,10.14,10.15,648,6927,9655,3927,3809,1615,1090,1652,2034,6828
"sz",1,20141016,100006,10.1,13,662216,656,"S",10.09,10.08,10.07,10.06,10.05,10.1,10.11,10.12,10.13,10.14,6927,9655,3927,3812,5106,406,1619,1080,1655,2034
"sz",1,20141016,100009,10.1,12,18184,18,"B",10.09,10.08,10.07,10.06,10.05,10.1,10.11,10.12,10.13,10.14,6727,9655,3927,3812,5109,388,1619,1080,1655,2034
"sz",1,20141016,100012,10.1,8,46456,46,"B",10.09,10.08,10.07,10.06,10.05,10.1,10.11,10.12,10.13,10.14,6727,9655,3827,3812,5109,387,1619,1080,1655,2034
"sz",1,20141016,100015,10.09,4,125376,124,"S",10.09,10.08,10.07,10.06,10.05,10.1,10.11,10.12,10.13,10.14,6728,9655,3827,3812,5111,263,1619,1080,1655,2034
"sz",1,20141016,100017,10.1,2,106048,105,"B",10.09,10.08,10.07,10.06,10.05,10.1,10.11,10.12,10.13,10.14,6778,9665,3827,3812,5111,173,1649,1080,1655,2034
"sz",1,20141016,100021,10.1,1,42416,42,"B",10.09,10.08,10.07,10.06,10.05,10.1,10.11,10.12,10.13,10.14,6758,9665,3879,3812,5111,253,1649,1090,1655,2034
"sz",1,20141016,100024,10.1,3,24240,24,"B",10.09,10.08,10.07,10.06,10.05,10.1,10.11,10.12,10.13,10.14,6754,9665,3879,3812,5111,235,1649,1090,1655,2034
"sz",1,20141016,100033,10.1,7,124232,123,"B",10.09,10.08,10.07,10.06,10.05,10.1,10.11,10.12,10.13,10.14,6754,9536,3733,3812,5112,119,2138,1150,1655,2034
"sz",1,20141016,100036,10.09,3,17576,18,"S",10.09,10.08,10.07,10.06,10.05,10.1,10.11,10.12,10.13,10.14,6774,9536,3733,3812,5112,102,2138,1138,1655,2034
"sz",1,20141016,100039,10.1,2,20192,20,"B",10.09,10.08,10.07,10.06,10.05,10.1,10.11,10.12,10.13,10.14,6774,9523,3733,3812,5112,82,2138,1138,1655,2034
"sz",1,20141016,100042,10.1,2,7072,7,"B",10.09,10.08,10.07,10.06,10.05,10.1,10.11,10.12,10.13,10.14,6774,9492,3733,3812,5112,125,2138,1138,1655,2034
"sz",1,20141016,100048,10.1,5,111104,110,"B",10.09,10.08,10.07,10.06,10.05,10.1,10.11,10.12,10.13,10.14,6780,9592,3633,3909,5132,43,2160,1138,1655,2034
"sz",1,20141016,100051,10.1,2,12120,12,"B",10.09,10.08,10.07,10.06,10.05,10.1,10.11,10.12,10.13,10.14,6791,9592,3633,3909,5132,36,2160,1138,1655,2034
"sz",1,20141016,100054,10.11,12,147568,146,"B",10.1,10.09,10.08,10.07,10.06,10.11,10.12,10.13,10.14,10.15,328,6920,9592,3633,3909,2070,1138,1655,2034,6800
"sz",1,20141016,100056,10.1,2,14544,14,"S",10.1,10.09,10.08,10.07,10.06,10.11,10.12,10.13,10.14,10.15,313,6935,9592,3633,3909,2070,1138,1655,2034,6800
"sz",1,20141016,100059,10.1,1,5048,5,"S",10.1,10.09,10.08,10.07,10.06,10.11,10.12,10.13,10.14,10.15,316,6935,9592,3633,3909,2070,1138,1655,2034,6800
"sz",1,20141016,100103,10.11,8,122856,122,"B",10.1,10.09,10.08,10.07,10.06,10.11,10.12,10.13,10.14,10.15,295,6919,9592,3633,3909,1975,1138,1655,2034,6800
"sz",1,20141016,100106,10.11,7,46464,46,"B",10.1,10.09,10.08,10.07,10.06,10.11,10.12,10.13,10.14,10.15,255,6919,9592,3731,3909,1975,1138,1655,2034,6800
"sz",1,20141016,100109,10.11,11,48496,48,"B",10.1,10.09,10.08,10.07,10.06,10.11,10.12,10.13,10.14,10.15,263,6919,9601,3731,3909,1959,1138,1655,2034,6800
"sz",1,20141016,100112,10.11,4,6072,6,"B",10.1,10.09,10.08,10.07,10.06,10.11,10.12,10.13,10.14,10.15,283,6899,9601,3731,3909,1953,1138,1655,2034,6800
"sz",1,20141016,100115,10.1,5,220768,218,"S",10.1,10.09,10.08,10.07,10.06,10.11,10.12,10.13,10.14,10.15,202,6891,9601,3731,3909,1885,1138,1655,2034,6800
"sz",1,20141016,100118,10.11,6,101104,100,"B",10.1,10.09,10.08,10.07,10.06,10.11,10.12,10.13,10.14,10.15,242,6896,9601,3731,3914,1785,2920,1655,2034,6800
"sz",1,20141016,100121,10.1,2,50632,50,"S",10.1,10.09,10.08,10.07,10.06,10.11,10.12,10.13,10.14,10.15,192,6896,9601,3731,3914,2186,2920,1655,2034,6800
"sz",1,20141016,100123,10.1,1,10096,10,"S",10.1,10.09,10.08,10.07,10.06,10.11,10.12,10.13,10.14,10.15,183,6896,9601,3731,3914,2233,2920,1675,2034,6800
"sz",1,20141016,100126,10.1,2,7072,7,"S",10.1,10.09,10.08,10.07,10.06,10.11,10.12,10.13,10.14,10.15,191,6896,9601,3731,3914,2233,2920,1675,2034,6800
"sz",1,20141016,100130,10.1,2,1512,2,"S",10.1,10.09,10.08,10.07,10.06,10.11,10.12,10.13,10.14,10.15,204,6896,9601,3789,3911,2233,2920,1675,2034,6800
"sz",1,20141016,100133,10.11,7,128392,127,"B",10.1,10.09,10.08,10.07,10.06,10.11,10.12,10.13,10.14,10.15,157,6896,9601,3789,3911,2121,2920,1675,2034,6800
"sz",1,20141016,100139,10.1,5,101000,100,"S",10.1,10.09,10.08,10.07,10.06,10.11,10.12,10.13,10.14,10.15,78,6996,9601,3899,3917,2121,2920,1675,2034,6800
"sz",1,20141016,100142,10.09,13,116496,115,"S",10.09,10.08,10.07,10.06,10.05,10.1,10.11,10.12,10.13,10.14,6995,9611,3899,3917,5103,40,2087,2920,1675,2034
"sz",1,20141016,100144,10.11,3,72752,72,"B",10.1,10.09,10.08,10.07,10.06,10.11,10.12,10.13,10.14,10.15,25,6995,9601,3899,3917,2055,2920,1675,2034,6800
"sz",1,20141016,100148,10.1,5,178768,177,"S",10.09,10.08,10.07,10.06,10.05,10.1,10.11,10.12,10.13,10.14,6995,9611,3899,3917,5119,478,2058,2920,1675,2034
"sz",1,20141016,100151,10.1,2,48480,48,"B",10.09,10.08,10.07,10.06,10.05,10.1,10.11,10.12,10.13,10.14,6995,9614,3899,3917,5069,442,2058,2920,1675,2034
"sz",1,20141016,100154,10.1,2,153520,152,"B",10.09,10.08,10.07,10.06,10.05,10.1,10.11,10.12,10.13,10.14,7013,9561,3899,3917,5069,305,4696,2920,1675,2034
"sz",1,20141016,100157,10.1,1,5056,5,"B",10.09,10.08,10.07,10.06,10.05,10.1,10.11,10.12,10.13,10.14,7051,9561,3899,3917,5163,308,4688,2920,1675,2034
"sz",1,20141016,100200,10.1,4,37368,37,"B",10.09,10.08,10.07,10.06,10.05,10.1,10.11,10.12,10.13,10.14,7051,9561,3899,3917,5163,271,4688,2920,1675,2034
"sz",1,20141016,100203,10.1,6,164144,163,"B",10.09,10.08,10.07,10.06,10.05,10.1,10.11,10.12,10.13,10.14,7085,9561,3899,3917,5163,140,4688,2920,1675,2034
"sz",1,20141016,100206,10.1,10,82808,82,"B",10.09,10.08,10.07,10.06,10.05,10.1,10.11,10.12,10.13,10.14,7127,9561,3899,3917,5163,77,4688,2920,1675,2035
"sz",1,20141016,100209,10.1,8,15144,15,"B",10.09,10.08,10.07,10.06,10.05,10.1,10.11,10.12,10.13,10.14,7124,9561,3854,3917,5163,88,4688,2920,1675,2035
"sz",1,20141016,100212,10.1,15,64640,64,"B",10.09,10.08,10.07,10.06,10.05,10.1,10.11,10.12,10.13,10.14,7130,9561,3854,3917,5163,24,4688,2920,1675,2035
"sz",1,20141016,100214,10.1,3,24240,24,"B",10.1,10.09,10.08,10.07,10.06,10.11,10.12,10.13,10.14,10.15,7,7155,9561,3854,3917,4688,2920,1675,2035,6915
"sz",1,20141016,100218,10.11,4,322120,319,"B",10.1,10.09,10.08,10.07,10.06,10.11,10.12,10.13,10.14,10.15,13,6912,9561,3893,3917,4569,2920,1675,2035,6915
"sz",1,20141016,100221,10.1,3,15280,15,"S",10.09,10.08,10.07,10.06,10.05,10.1,10.11,10.12,10.13,10.14,6930,9568,3893,3917,5163,60,4569,2920,1675,2035
"sz",1,20141016,100227,10.1,2,10096,10,"B",10.09,10.08,10.07,10.06,10.05,10.1,10.11,10.12,10.13,10.14,7032,9576,3893,3917,5163,81,4579,2920,1675,2035
"sz",1,20141016,100230,10.1,5,62624,62,"B",10.09,10.08,10.07,10.06,10.05,10.1,10.11,10.12,10.13,10.14,7032,9577,3893,3917,5163,22,4579,2920,1675,2035
"sz",1,20141016,100233,10.11,5,123720,122,"B",10.1,10.09,10.08,10.07,10.06,10.11,10.12,10.13,10.14,10.15,7,7033,9577,3893,3917,4479,2920,1675,2035,6915
"sz",1,20141016,100236,10.1,1,408,0,"B",10.1,10.09,10.08,10.07,10.06,10.11,10.12,10.13,10.14,10.15,10,7033,9574,3893,3917,4479,2920,1675,2035,6915
"sz",1,20141016,100238,10.1,2,10704,11,"S",10.09,10.08,10.07,10.06,10.05,10.1,10.11,10.12,10.13,10.14,7054,9574,3893,3917,5152,196,4524,2920,1675,2035
"sz",1,20141016,100245,10.09,5,133312,132,"S",10.09,10.08,10.07,10.06,10.05,10.1,10.11,10.12,10.13,10.14,7079,9574,3843,3917,5152,103,4524,2920,1675,2035
"sz",1,20141016,100248,10.1,5,101000,100,"B",10.09,10.08,10.07,10.06,10.05,10.1,10.11,10.12,10.13,10.14,7080,9574,3843,3517,5152,3,4524,2920,1675,2035
"sz",1,20141016,100250,10.1,3,27672,27,"B",10.1,10.09,10.08,10.07,10.06,10.11,10.12,10.13,10.14,10.15,523,7080,9581,3843,3517,4524,2920,1675,2035,6915
"sz",1,20141016,100253,10.1,2,39592,40,"S",10.1,10.09,10.08,10.07,10.06,10.11,10.12,10.13,10.14,10.15,587,7110,9581,3843,3517,4524,2920,1675,2035,6915
"sz",1,20141016,100256,10.1,2,53528,53,"S",10.1,10.09,10.08,10.07,10.06,10.11,10.12,10.13,10.14,10.15,571,7120,9581,3843,3517,4524,2920,1675,2035,6915
"sz",1,20141016,100259,10.11,1,6072,6,"B",10.1,10.09,10.08,10.07,10.06,10.11,10.12,10.13,10.14,10.15,576,7120,9581,3893,3517,4518,2920,1675,2035,6915
"sz",1,20141016,100302,10.1,1,21752,21,"S",10.1,10.09,10.08,10.07,10.06,10.11,10.12,10.13,10.14,10.15,594,7140,9611,3893,3517,4518,2920,1675,2035,6915
"sz",1,20141016,100306,10.11,5,104136,103,"B",10.1,10.09,10.08,10.07,10.06,10.11,10.12,10.13,10.14,10.15,600,7282,9594,3876,3517,4421,2920,1675,2035,6915
"sz",1,20141016,100309,10.11,12,19208,19,"B",10.1,10.09,10.08,10.07,10.06,10.11,10.12,10.13,10.14,10.15,609,7282,9594,3876,3517,4403,2920,1675,2035,6915
"sz",1,20141016,100311,10.1,7,14152,14,"S",10.1,10.09,10.08,10.07,10.06,10.11,10.12,10.13,10.14,10.15,607,7307,9594,3876,3517,4401,2920,1675,2035,6915
"sz",1,20141016,100314,10.1,1,160584,159,"S",10.1,10.09,10.08,10.07,10.06,10.11,10.12,10.13,10.14,10.15,458,7381,9594,3876,3517,4401,2920,1675,2035,6915
"sz",1,20141016,100321,10.11,4,134440,133,"B",10.1,10.09,10.08,10.07,10.06,10.11,10.12,10.13,10.14,10.15,428,7433,9594,4031,3517,4308,2920,1677,2035,6915
"sz",1,20141016,100324,10.1,14,449304,445,"S",10.09,10.08,10.07,10.06,10.05,10.1,10.11,10.12,10.13,10.14,7433,9594,4031,3517,5142,211,4307,2920,1696,2035
"sz",1,20141016,100327,10.1,5,307496,304,"B",10.1,10.09,10.08,10.07,10.06,10.11,10.12,10.13,10.14,10.15,168,7433,9594,4031,3517,4260,2920,1696,2035,6915
"sz",1,20141016,100332,10.11,4,207144,205,"B",10.1,10.09,10.08,10.07,10.06,10.11,10.12,10.13,10.14,10.15,99,7427,9594,4031,3517,4160,2920,1696,2035,6915
"sz",1,20141016,100339,10.11,3,11128,11,"B",10.1,10.09,10.08,10.07,10.06,10.11,10.12,10.13,10.14,10.15,119,7407,9595,4498,3545,4143,3050,1696,2068,6915
"sz",1,20141016,100342,10.1,12,183416,182,"S",10.09,10.08,10.07,10.06,10.05,10.1,10.11,10.12,10.13,10.14,7607,9595,4498,3548,5152,248,4143,3050,1696,2068
"sz",1,20141016,100345,10.1,2,1408,1,"B",10.09,10.08,10.07,10.06,10.05,10.1,10.11,10.12,10.13,10.14,7573,9595,4498,3548,5152,247,4143,3056,1696,2068
"sz",1,20141016,100348,10.1,3,108072,107,"B",10.09,10.08,10.07,10.06,10.05,10.1,10.11,10.12,10.13,10.14,7580,9595,4498,3548,5152,140,4774,3056,1696,2068
"sz",1,20141016,100351,10.1,5,103016,102,"B",10.09,10.08,10.07,10.06,10.05,10.1,10.11,10.12,10.13,10.14,7584,8695,4498,3548,5152,43,4780,3056,1696,2068
"sz",1,20141016,100354,10.1,6,43816,44,"B",10.1,10.09,10.08,10.07,10.06,10.11,10.12,10.13,10.14,10.15,995,7585,8751,4498,3648,4780,3056,1696,2068,6915
"sz",1,20141016,100403,10.1,1,21760,21,"S",10.1,10.09,10.08,10.07,10.06,10.11,10.12,10.13,10.14,10.15,1060,7585,8754,4498,3643,4802,3056,1696,2068,6915
"sz",1,20141016,100406,10.11,13,183720,182,"B",10.1,10.09,10.08,10.07,10.06,10.11,10.12,10.13,10.14,10.15,1083,7595,8754,4498,3643,4716,3056,1696,2068,6915
"sz",1,20141016,100409,10.1,11,26280,26,"S",10.1,10.09,10.08,10.07,10.06,10.11,10.12,10.13,10.14,10.15,1101,7675,8754,4498,3643,4700,3056,1696,2068,6945
"sz",1,20141016,100412,10.11,5,10112,10,"B",10.1,10.09,10.08,10.07,10.06,10.11,10.12,10.13,10.14,10.15,2001,7675,8759,4498,3615,4690,3056,1672,2068,6945
"sz",1,20141016,100415,10.11,3,244616,242,"B",10.1,10.09,10.08,10.07,10.06,10.11,10.12,10.13,10.14,10.15,2061,7725,8759,4498,3615,4488,3056,1672,2066,6945
"sz",1,20141016,100418,10.11,9,404232,400,"B",10.1,10.09,10.08,10.07,10.06,10.11,10.12,10.13,10.14,10.15,1761,7714,8759,4498,3615,4398,3056,1672,2066,6945
"sz",1,20141016,100420,10.11,12,2515368,2488,"B",10.1,10.09,10.08,10.07,10.06,10.11,10.12,10.13,10.14,10.15,1770,7714,8782,4498,3615,1910,3056,1672,2066,6945
"sz",1,20141016,100426,10.1,2,60600,60,"S",10.1,10.09,10.08,10.07,10.06,10.11,10.12,10.13,10.14,10.15,1720,7714,8818,4498,3615,1910,3056,1672,2066,6945
"sz",1,20141016,100430,10.11,1,20224,20,"B",10.1,10.09,10.08,10.07,10.06,10.11,10.12,10.13,10.14,10.15,3806,7716,8818,4498,3573,1890,3056,1672,2066,6945
"sz",1,20141016,100433,10.11,1,101096,100,"B",10.1,10.09,10.08,10.07,10.06,10.11,10.12,10.13,10.14,10.15,3806,7716,8818,4498,3573,1814,3056,1672,2066,6945
"sz",1,20141016,100436,10.1,1,70704,70,"S",10.1,10.09,10.08,10.07,10.06,10.11,10.12,10.13,10.14,10.15,3736,7726,8818,4498,3573,1833,3068,1672,2056,6945
"sz",1,20141016,100439,10.1,2,25248,25,"S",10.1,10.09,10.08,10.07,10.06,10.11,10.12,10.13,10.14,10.15,4111,7724,8818,4498,3573,1833,3068,1672,2056,6945
"sz",1,20141016,100442,10.11,3,54592,54,"B",10.1,10.09,10.08,10.07,10.06,10.11,10.12,10.13,10.14,10.15,4186,7724,8818,4498,3573,1784,3094,1672,2056,6945
"sz",1,20141016,100445,10.11,3,55984,56,"B",10.1,10.09,10.08,10.07,10.06,10.11,10.12,10.13,10.14,10.15,4208,7715,8818,4498,3573,1754,3094,1672,2056,6945
"sz",1,20141016,100448,10.11,2,104128,103,"B",10.1,10.09,10.08,10.07,10.06,10.11,10.12,10.13,10.14,10.15,4208,7715,8818,4498,3573,1728,3094,1672,2056,6945
"sz",1,20141016,100451,10.11,2,510552,505,"B",10.1,10.09,10.08,10.07,10.06,10.11,10.12,10.13,10.14,10.15,4381,7715,8818,4498,3573,1228,3094,1672,2056,6945
"sz",1,20141016,100454,10.11,2,22224,22,"B",10.1,10.09,10.08,10.07,10.06,10.11,10.12,10.13,10.14,10.15,4354,7752,8818,4498,3573,1226,3094,1672,2056,6945
"sz",1,20141016,100456,10.11,1,8088,8,"B",10.1,10.09,10.08,10.07,10.06,10.11,10.12,10.13,10.14,10.15,4369,7747,8818,4498,3574,1219,3194,1672,2056,6964
"sz",1,20141016,100500,10.1,2,40416,40,"S",10.1,10.09,10.08,10.07,10.06,10.11,10.12,10.13,10.14,10.15,5000,7752,8805,4498,3580,1315,3194,1672,2056,6935
"sz",1,20141016,100503,10.11,26,1452728,1437,"B",10.11,10.1,10.09,10.08,10.07,10.12,10.13,10.14,10.15,10.16,164,4981,7752,8805,4498,3194,1672,2056,6935,2265
"sz",1,20141016,100506,10.11,2,6064,6,"S",10.11,10.1,10.09,10.08,10.07,10.12,10.13,10.14,10.15,10.16,261,4981,7752,8805,4498,3194,1672,2056,6935,2265
"sz",1,20141016,100512,10.12,11,74264,73,"B",10.11,10.1,10.09,10.08,10.07,10.12,10.13,10.14,10.15,10.16,281,5059,7757,8805,4498,3181,1646,2056,6935,2265
"sz",1,20141016,100514,10.11,5,47520,47,"S",10.11,10.1,10.09,10.08,10.07,10.12,10.13,10.14,10.15,10.16,146,5059,7757,8805,4498,3179,1646,2046,6935,2265
"sz",1,20141016,100518,10.11,17,134456,133,"S",10.11,10.1,10.09,10.08,10.07,10.12,10.13,10.14,10.15,10.16,113,5059,7757,8835,4498,3294,1646,2046,7208,2265
"sz",1,20141016,100521,10.1,5,114536,113,"S",10.1,10.09,10.08,10.07,10.06,10.11,10.12,10.13,10.14,10.15,5052,7757,8835,4498,3561,15,3320,1646,2036,7208
"sz",1,20141016,100523,10.11,3,11128,11,"B",10.1,10.09,10.08,10.07,10.06,10.11,10.12,10.13,10.14,10.15,4966,7757,8835,4498,3561,6,3320,1646,2036,7208
"sz",1,20141016,100527,10.12,3,10960,11,"B",10.11,10.1,10.09,10.08,10.07,10.12,10.13,10.14,10.15,10.16,13,4983,7752,8835,4498,3296,1646,2036,7208,2265
"sz",1,20141016,100533,10.11,3,25272,25,"S",10.11,10.1,10.09,10.08,10.07,10.12,10.13,10.14,10.15,10.16,209,4973,7765,8835,4498,3166,1646,2026,7234,2265
"sz",1,20141016,100539,10.11,1,5056,5,"S",10.11,10.1,10.09,10.08,10.07,10.12,10.13,10.14,10.15,10.16,1182,4978,7765,8835,4498,3166,1646,2026,7254,2265
"sz",1,20141016,100544,10.11,1,408,1,"S",10.11,10.1,10.09,10.08,10.07,10.12,10.13,10.14,10.15,10.16,1207,4983,7873,8835,4498,3341,1646,2026,7254,2265
"sz",1,20141016,100553,10.11,2,9912,9,"S",10.11,10.1,10.09,10.08,10.07,10.12,10.13,10.14,10.15,10.16,1343,4997,7871,8835,4323,3336,1652,2156,7254,2285
"sz",1,20141016,100556,10.11,1,1008,1,"S",10.11,10.1,10.09,10.08,10.07,10.12,10.13,10.14,10.15,10.16,1343,4997,7871,8815,4323,3336,1652,2156,7254,2285
"sz",1,20141016,100600,10.11,2,7280,8,"S",10.11,10.1,10.09,10.08,10.07,10.12,10.13,10.14,10.15,10.16,1352,5009,7921,8817,4323,3336,1652,2156,7264,2285
