"market","ticker","date","time","trade_price","number_of_trades","trade_money","trade_volume","direction","buy1_price","buy2_price","buy3_price","buy4_price","buy5_price","sell1_price","sell2_price","sell3_price","sell4_price","sell5_price","buy1_quantity","buy2_quantity","buy3_quantity","buy4_quantity","buy5_quantity","sell1_quantity","sell2_quantity","sell3_quantity","sell4_quantity","sell5_quantity"
"sz",1,20141013,92500,10.12,155,2371116,2343,"B",10.11,10.1,10.09,10.08,10.07,10.12,10.13,10.14,10.15,10.16,1134,3017,930,1620,267,418,86,291,1076,2408
"sz",1,20141013,93001,10.12,80,886082,876,"B",10.12,10.11,10.1,10.09,10.08,10.13,10.14,10.15,10.16,10.17,577,1378,3625,1402,1945,147,870,808,2995,1407
"sz",1,20141013,93003,10.12,39,634208,626,"S",10.12,10.11,10.1,10.09,10.08,10.13,10.14,10.15,10.16,10.17,482,1662,3532,1997,2455,494,1575,833,3027,1437
"sz",1,20141013,93009,10.12,1,1012,1,"S",10.12,10.11,10.1,10.09,10.08,10.13,10.14,10.15,10.16,10.17,482,1668,3581,1997,2455,495,1576,833,3027,1437
"sz",1,20141013,93013,10.12,5,352176,348,"S",10.12,10.11,10.1,10.09,10.08,10.13,10.14,10.15,10.16,10.17,134,1668,3581,1997,2455,495,1576,833,3027,1437
"sz",1,20141013,93022,10.12,11,71184,71,"S",10.12,10.11,10.1,10.09,10.08,10.13,10.14,10.15,10.16,10.17,91,1673,3551,2008,2607,495,1640,838,3037,1437
"sz",1,20141013,93025,10.13,2,11133,11,"B",10.12,10.11,10.1,10.09,10.08,10.13,10.14,10.15,10.16,10.17,81,1673,3551,2023,2617,494,1639,838,3037,1437
"sz",1,20141013,93027,10.13,3,22966,22,"B",10.12,10.11,10.1,10.09,10.08,10.13,10.14,10.15,10.16,10.17,145,1673,3551,2026,2617,480,1639,868,3087,1437
"sz",1,20141013,93030,10.12,17,112332,111,"S",10.12,10.11,10.1,10.09,10.08,10.13,10.14,10.15,10.16,10.17,39,1670,3517,2026,2617,480,1720,888,3087,1437
"sz",1,20141013,93034,10.12,5,61378,61,"S",10.12,10.11,10.1,10.09,10.08,10.13,10.14,10.15,10.16,10.17,0,1675,3537,2025,2617,480,1705,888,3087,1437
"sz",1,20141013,93037,10.12,5,41491,41,"S",10.12,10.11,10.1,10.09,10.08,10.13,10.14,10.15,10.16,10.17,102,1785,3587,2025,2619,480,1705,888,3087,1437
"sz",1,20141013,93040,10.12,4,134536,133,"S",10.11,10.1,10.09,10.08,10.07,10.12,10.13,10.14,10.15,10.16,1785,3587,2025,2619,1006,221,480,1704,908,3087
"sz",1,20141013,93046,10.11,1,1011,1,"S",10.11,10.1,10.09,10.08,10.07,10.12,10.13,10.14,10.15,10.16,1784,3587,2025,2619,1006,322,480,1704,911,3077
"sz",1,20141013,93049,10.12,4,78936,78,"B",10.11,10.1,10.09,10.08,10.07,10.12,10.13,10.14,10.15,10.16,1814,3589,2045,2625,1006,252,480,1704,911,3077
"sz",1,20141013,93052,10.12,3,37434,37,"B",10.11,10.1,10.09,10.08,10.07,10.12,10.13,10.14,10.15,10.16,1972,3506,2045,2625,1016,276,498,1704,911,3077
"sz",1,20141013,93054,10.11,2,3033,3,"S",10.11,10.1,10.09,10.08,10.07,10.12,10.13,10.14,10.15,10.16,1969,3507,2050,2625,1016,276,498,1704,881,3089
"sz",1,20141013,93057,10.12,1,7084,7,"B",10.11,10.1,10.09,10.08,10.07,10.12,10.13,10.14,10.15,10.16,1969,3512,2050,2738,1026,269,498,1704,881,3089
"sz",1,20141013,93101,10.12,8,122452,121,"B",10.11,10.1,10.09,10.08,10.07,10.12,10.13,10.14,10.15,10.16,2004,3562,2050,2738,1026,148,500,1624,881,3089
"sz",1,20141013,93104,10.11,5,32382,32,"S",10.11,10.1,10.09,10.08,10.07,10.12,10.13,10.14,10.15,10.16,2080,3562,2050,2738,1036,198,500,1624,881,3089
"sz",1,20141013,93107,10.11,2,17844,18,"S",10.11,10.1,10.09,10.08,10.07,10.12,10.13,10.14,10.15,10.16,2104,3562,2050,2738,1036,246,580,1724,886,3089
"sz",1,20141013,93110,10.11,11,101110,100,"S",10.11,10.1,10.09,10.08,10.07,10.12,10.13,10.14,10.15,10.16,2034,3557,2045,2738,1036,236,580,1724,886,3119
"sz",1,20141013,93115,10.12,3,12142,12,"B",10.11,10.1,10.09,10.08,10.07,10.12,10.13,10.14,10.15,10.16,2042,3577,2045,2738,1036,458,580,1724,879,3119
"sz",1,20141013,93119,10.12,2,8096,8,"B",10.11,10.1,10.09,10.08,10.07,10.12,10.13,10.14,10.15,10.16,2097,3490,2045,2748,1036,450,591,1719,879,3119
"sz",1,20141013,93121,10.11,3,7082,7,"S",10.11,10.1,10.09,10.08,10.07,10.12,10.13,10.14,10.15,10.16,2099,3490,2045,2748,1036,445,591,1719,879,3119
"sz",1,20141013,93124,10.11,7,405411,401,"S",10.11,10.1,10.09,10.08,10.07,10.12,10.13,10.14,10.15,10.16,1710,3490,2045,2748,1036,445,591,1719,879,3119
"sz",1,20141013,93128,10.11,16,313420,310,"S",10.11,10.1,10.09,10.08,10.07,10.12,10.13,10.14,10.15,10.16,1493,3510,2045,2732,1056,505,753,1719,879,3119
"sz",1,20141013,93130,10.11,6,36401,36,"S",10.11,10.1,10.09,10.08,10.07,10.12,10.13,10.14,10.15,10.16,1462,3830,2045,2732,1056,500,753,1719,879,3119
"sz",1,20141013,93134,10.12,29,622067,615,"B",10.11,10.1,10.09,10.08,10.07,10.12,10.13,10.14,10.15,10.16,1169,3835,2045,2732,1056,148,773,1719,879,3119
"sz",1,20141013,93137,10.11,2,2022,2,"S",10.11,10.1,10.09,10.08,10.07,10.12,10.13,10.14,10.15,10.16,1232,3847,2045,2732,1056,148,773,1719,889,3139
"sz",1,20141013,93140,10.11,2,23323,23,"S",10.11,10.1,10.09,10.08,10.07,10.12,10.13,10.14,10.15,10.16,1209,3895,2035,2732,1056,148,796,1719,889,3139
"sz",1,20141013,93143,10.12,1,50600,50,"B",10.11,10.1,10.09,10.08,10.07,10.12,10.13,10.14,10.15,10.16,1213,3895,2035,2732,1056,98,796,1720,884,3139
"sz",1,20141013,93146,10.12,4,73853,73,"B",10.11,10.1,10.09,10.08,10.07,10.12,10.13,10.14,10.15,10.16,1198,3895,2035,2740,1056,101,846,1720,884,3139
"sz",1,20141013,93149,10.12,3,101200,100,"B",10.11,10.1,10.09,10.08,10.07,10.12,10.13,10.14,10.15,10.16,1211,3797,2052,2748,1065,24,846,1720,884,3139
"sz",1,20141013,93152,10.12,2,5060,5,"B",10.11,10.1,10.09,10.08,10.07,10.12,10.13,10.14,10.15,10.16,1211,3857,2028,2748,1065,19,846,1720,875,3149
"sz",1,20141013,93155,10.11,6,26298,26,"S",10.11,10.1,10.09,10.08,10.07,10.12,10.13,10.14,10.15,10.16,1208,3861,2017,2748,1068,8,846,1719,875,3149
"sz",1,20141013,93158,10.12,4,10029,10,"B",10.12,10.11,10.1,10.09,10.08,10.13,10.14,10.15,10.16,10.17,124,1209,3864,2017,2748,846,1719,875,3149,1453
"sz",1,20141013,93201,10.12,2,64768,64,"S",10.12,10.11,10.1,10.09,10.08,10.13,10.14,10.15,10.16,10.17,60,1222,3864,2027,2749,766,1720,1165,3149,1453
"sz",1,20141013,93204,10.11,7,101281,100,"S",10.11,10.1,10.09,10.08,10.07,10.12,10.13,10.14,10.15,10.16,1282,3956,2027,2749,1068,227,768,1720,1165,3149
"sz",1,20141013,93206,10.12,6,150771,149,"B",10.11,10.1,10.09,10.08,10.07,10.12,10.13,10.14,10.15,10.16,1415,3996,2027,2749,1068,175,768,1720,1165,3149
"sz",1,20141013,93210,10.11,3,32353,32,"S",10.11,10.1,10.09,10.08,10.07,10.12,10.13,10.14,10.15,10.16,1384,3996,2027,2749,1068,174,750,1719,1165,3149
"sz",1,20141013,93213,10.11,4,62035,61,"S",10.11,10.1,10.09,10.08,10.07,10.12,10.13,10.14,10.15,10.16,1367,4008,2027,2749,1068,150,650,1719,1165,3149
"sz",1,20141013,93216,10.12,6,127128,126,"B",10.11,10.1,10.09,10.08,10.07,10.12,10.13,10.14,10.15,10.16,1428,4008,2037,2749,1068,63,650,1719,1165,3149
"sz",1,20141013,93219,10.12,15,156760,155,"B",10.11,10.1,10.09,10.08,10.07,10.12,10.13,10.14,10.15,10.16,1349,4008,2037,2772,1068,67,912,1719,1165,3149
"sz",1,20141013,93222,10.12,3,30360,30,"B",10.11,10.1,10.09,10.08,10.07,10.12,10.13,10.14,10.15,10.16,2550,4011,2037,2772,1068,42,916,1720,1165,3149
"sz",1,20141013,93225,10.11,5,116280,115,"S",10.11,10.1,10.09,10.08,10.07,10.12,10.13,10.14,10.15,10.16,2533,4044,2037,2772,1068,82,916,1719,1165,3149
"sz",1,20141013,93228,10.11,8,66766,66,"S",10.11,10.1,10.09,10.08,10.07,10.12,10.13,10.14,10.15,10.16,2512,4054,2037,2782,1068,43,916,1719,1165,3149
"sz",1,20141013,93231,10.12,2,10120,10,"B",10.11,10.1,10.09,10.08,10.07,10.12,10.13,10.14,10.15,10.16,2527,4064,2037,2782,1068,93,917,1719,1165,3149
"sz",1,20141013,93234,10.11,13,152074,150,"S",10.11,10.1,10.09,10.08,10.07,10.12,10.13,10.14,10.15,10.16,2486,4089,2037,2782,1068,87,915,1719,1165,3149
"sz",1,20141013,93237,10.11,16,88007,87,"S",10.11,10.1,10.09,10.08,10.07,10.12,10.13,10.14,10.15,10.16,2555,4189,2037,2782,1068,43,916,1719,1165,3149
"sz",1,20141013,93240,10.11,5,12159,12,"S",10.11,10.1,10.09,10.08,10.07,10.12,10.13,10.14,10.15,10.16,2673,4248,2037,2904,1073,36,936,1719,1165,3149
"sz",1,20141013,93243,10.12,4,38365,38,"B",10.12,10.11,10.1,10.09,10.08,10.13,10.14,10.15,10.16,10.17,65,2703,4278,2037,2910,935,1719,1195,3149,1453
"sz",1,20141013,93246,10.11,11,83980,83,"S",10.12,10.11,10.1,10.09,10.08,10.13,10.14,10.15,10.16,10.17,34,2852,5211,2037,2910,934,1719,1195,3149,1453
"sz",1,20141013,93249,10.12,5,59703,59,"S",10.11,10.1,10.09,10.08,10.07,10.12,10.13,10.14,10.15,10.16,2883,5212,2037,2920,1083,103,951,1720,1195,3149
"sz",1,20141013,93252,10.12,10,223487,221,"B",10.11,10.1,10.09,10.08,10.07,10.12,10.13,10.14,10.15,10.16,2745,5226,2045,2920,1086,87,854,1720,1195,3149
"sz",1,20141013,93255,10.11,10,183001,181,"S",10.11,10.1,10.09,10.08,10.07,10.12,10.13,10.14,10.15,10.16,2574,5228,2045,2922,1086,78,854,1677,1195,3149
"sz",1,20141013,93258,10.11,4,83951,83,"S",10.11,10.1,10.09,10.08,10.07,10.12,10.13,10.14,10.15,10.16,2629,5253,2045,2922,1086,40,692,1677,1195,3149
"sz",1,20141013,93301,10.11,5,42470,42,"S",10.11,10.1,10.09,10.08,10.07,10.12,10.13,10.14,10.15,10.16,2765,5253,2045,2925,1086,35,692,1677,1255,3245
"sz",1,20141013,93304,10.11,1,17187,17,"S",10.11,10.1,10.09,10.08,10.07,10.12,10.13,10.14,10.15,10.16,2767,5571,2045,2930,1076,35,692,1677,1255,3245
"sz",1,20141013,93307,10.12,5,46177,46,"B",10.12,10.11,10.1,10.09,10.08,10.13,10.14,10.15,10.16,10.17,1017,2785,5583,2045,2930,692,1677,1255,3245,1453
"sz",1,20141013,93310,10.13,8,162951,161,"B",10.12,10.11,10.1,10.09,10.08,10.13,10.14,10.15,10.16,10.17,875,2791,5583,2053,2927,672,1676,1255,3245,1453
"sz",1,20141013,93313,10.12,6,31372,31,"S",10.12,10.11,10.1,10.09,10.08,10.13,10.14,10.15,10.16,10.17,880,2791,5583,2053,2927,652,1676,1261,3245,1453
"sz",1,20141013,93316,10.12,6,39487,39,"S",10.12,10.11,10.1,10.09,10.08,10.13,10.14,10.15,10.16,10.17,860,2793,5583,2053,2927,633,1676,1261,3245,1453
"sz",1,20141013,93319,10.12,1,11132,11,"S",10.12,10.11,10.1,10.09,10.08,10.13,10.14,10.15,10.16,10.17,866,2836,5588,2058,2921,633,1676,1261,3245,1453
"sz",1,20141013,93322,10.12,3,43162,42,"S",10.12,10.11,10.1,10.09,10.08,10.13,10.14,10.15,10.16,10.17,881,2874,5586,2058,2921,644,1676,1261,4245,1453
"sz",1,20141013,93325,10.12,13,196429,194,"S",10.12,10.11,10.1,10.09,10.08,10.13,10.14,10.15,10.16,10.17,810,2904,5586,2058,2921,543,1676,1261,4149,1453
"sz",1,20141013,93328,10.12,3,143704,142,"S",10.12,10.11,10.1,10.09,10.08,10.13,10.14,10.15,10.16,10.17,708,2904,5591,2058,2921,543,1676,1261,4149,1453
"sz",1,20141013,93331,10.13,3,116483,115,"B",10.12,10.11,10.1,10.09,10.08,10.13,10.14,10.15,10.16,10.17,696,2952,5599,2068,2921,440,1676,1261,4149,1453
"sz",1,20141013,93334,10.12,7,87032,86,"S",10.12,10.11,10.1,10.09,10.08,10.13,10.14,10.15,10.16,10.17,610,2972,5699,2068,2921,448,1676,1261,4149,1453
"sz",1,20141013,93337,10.13,7,96187,95,"B",10.12,10.11,10.1,10.09,10.08,10.13,10.14,10.15,10.16,10.17,1132,2997,5721,2068,2921,401,1676,1357,4149,1453
"sz",1,20141013,93340,10.11,120,4244127,4197,"S",10.1,10.09,10.08,10.07,10.06,10.11,10.12,10.13,10.14,10.15,5730,2068,2921,1093,1190,5903,11,551,1676,1357
"sz",1,20141013,93343,10.1,4,25596,25,"S",10.1,10.09,10.08,10.07,10.06,10.11,10.12,10.13,10.14,10.15,5754,2068,2925,1093,1190,5890,600,551,1676,1357
"sz",1,20141013,93346,10.11,25,823503,815,"B",10.1,10.09,10.08,10.07,10.06,10.11,10.12,10.13,10.14,10.15,5312,2068,2925,1093,1200,5537,600,681,1676,1357
"sz",1,20141013,93349,10.11,3,32352,32,"B",10.1,10.09,10.08,10.07,10.06,10.11,10.12,10.13,10.14,10.15,5362,2068,2925,1093,1200,5505,600,693,1686,1357
"sz",1,20141013,93352,10.11,5,2739810,2710,"B",10.1,10.09,10.08,10.07,10.06,10.11,10.12,10.13,10.14,10.15,5384,2079,2929,1093,1200,2795,600,693,1686,1357
"sz",1,20141013,93354,10.11,8,503106,498,"B",10.1,10.09,10.08,10.07,10.06,10.11,10.12,10.13,10.14,10.15,5499,2079,2929,1093,1200,2305,600,693,1686,1357
"sz",1,20141013,93358,10.1,9,237584,235,"S",10.1,10.09,10.08,10.07,10.06,10.11,10.12,10.13,10.14,10.15,5484,2079,2929,1093,1200,2072,600,693,1686,1357
"sz",1,20141013,93401,10.11,17,414308,410,"B",10.1,10.09,10.08,10.07,10.06,10.11,10.12,10.13,10.14,10.15,5294,2079,2934,1093,1200,1872,602,693,1686,1357
"sz",1,20141013,93404,10.1,1,1012,1,"S",10.1,10.09,10.08,10.07,10.06,10.11,10.12,10.13,10.14,10.15,5296,2079,2948,1093,1220,1872,606,693,1686,1357
"sz",1,20141013,93407,10.11,27,1007424,997,"B",10.1,10.09,10.08,10.07,10.06,10.11,10.12,10.13,10.14,10.15,3820,2119,2951,1098,1227,1418,606,1398,1686,1357
"sz",1,20141013,93410,10.11,6,368000,364,"B",10.1,10.09,10.08,10.07,10.06,10.11,10.12,10.13,10.14,10.15,3846,2129,2955,1098,1227,1057,606,1398,1686,1357
"sz",1,20141013,93413,10.12,12,1113070,1101,"B",10.11,10.1,10.09,10.08,10.07,10.12,10.13,10.14,10.15,10.16,10,3914,2129,2955,1098,65,1398,1686,1357,3131
"sz",1,20141013,93416,10.13,25,272326,269,"B",10.11,10.1,10.09,10.08,10.07,10.13,10.14,10.15,10.16,10.17,144,3961,2131,2968,1098,1368,1686,1357,3131,1463
"sz",1,20141013,93419,10.1,20,545604,540,"S",10.11,10.1,10.09,10.08,10.07,10.13,10.14,10.15,10.16,10.17,123,3746,2151,3028,1108,1396,1686,1357,3131,1463
"sz",1,20141013,93422,10.11,1,13142,13,"S",10.11,10.1,10.09,10.08,10.07,10.12,10.13,10.14,10.15,10.16,210,4015,2171,3060,1108,15,1396,1636,1357,3126
"sz",1,20141013,93428,10.12,8,60690,60,"B",10.11,10.1,10.09,10.08,10.07,10.12,10.13,10.14,10.15,10.16,295,4131,2181,3110,1108,85,1392,1636,1357,3126
"sz",1,20141013,93431,10.12,3,20908,21,"B",10.11,10.1,10.09,10.08,10.07,10.12,10.13,10.14,10.15,10.16,379,4161,2181,3110,1108,225,1392,1636,1408,3126
"sz",1,20141013,93434,10.11,13,385190,381,"S",10.11,10.1,10.09,10.08,10.07,10.12,10.13,10.14,10.15,10.16,45,4167,2181,3110,1072,225,1392,1636,1408,3126
"sz",1,20141013,93437,10.12,1,40480,40,"B",10.11,10.1,10.09,10.08,10.07,10.12,10.13,10.14,10.15,10.16,96,4217,2181,3119,1072,299,1448,1636,1408,3139
"sz",1,20141013,93440,10.11,13,212310,210,"S",10.11,10.1,10.09,10.08,10.07,10.12,10.13,10.14,10.15,10.16,143,4472,2181,3129,1072,299,1458,1636,1408,3139
"sz",1,20141013,93443,10.11,3,66726,66,"S",10.11,10.1,10.09,10.08,10.07,10.12,10.13,10.14,10.15,10.16,117,4472,2181,3124,1072,299,1458,1636,1418,3139
"sz",1,20141013,93446,10.12,1,10120,10,"B",10.11,10.1,10.09,10.08,10.07,10.12,10.13,10.14,10.15,10.16,546,4792,2181,3134,1072,289,1468,1636,1418,3139
"sz",1,20141013,93449,10.12,2,6070,6,"B",10.11,10.1,10.09,10.08,10.07,10.12,10.13,10.14,10.15,10.16,625,4882,2181,3149,1072,284,1468,1636,1467,3139
"sz",1,20141013,93452,10.11,22,469948,465,"S",10.11,10.1,10.09,10.08,10.07,10.12,10.13,10.14,10.15,10.16,260,4937,2181,3149,1072,1274,1468,1636,1467,3139
"sz",1,20141013,93455,10.11,2,1356,1,"S",10.11,10.1,10.09,10.08,10.07,10.12,10.13,10.14,10.15,10.16,413,5007,2183,3149,1072,1291,1468,1636,1467,3139
"sz",1,20141013,93501,10.11,1,4044,4,"S",10.11,10.1,10.09,10.08,10.07,10.12,10.13,10.14,10.15,10.16,1493,5020,2193,3149,1087,2250,1440,1636,1517,3139
"sz",1,20141013,93503,10.11,3,13780,14,"S",10.11,10.1,10.09,10.08,10.07,10.12,10.13,10.14,10.15,10.16,2109,5065,2193,3149,1087,2250,1440,1636,1522,3139
"sz",1,20141013,93506,10.12,2,18216,18,"B",10.11,10.1,10.09,10.08,10.07,10.12,10.13,10.14,10.15,10.16,2103,5095,2193,3159,1087,2238,1440,1636,1522,3139
"sz",1,20141013,93510,10.11,19,440196,435,"S",10.11,10.1,10.09,10.08,10.07,10.12,10.13,10.14,10.15,10.16,2249,5200,2193,3159,2020,2232,1440,1636,1519,3127
"sz",1,20141013,93513,10.11,2,27296,27,"S",10.11,10.1,10.09,10.08,10.07,10.12,10.13,10.14,10.15,10.16,2372,5207,2193,3159,2020,2232,1440,1636,1519,3127
"sz",1,20141013,93516,10.11,2,45496,45,"S",10.11,10.1,10.09,10.08,10.07,10.12,10.13,10.14,10.15,10.16,2632,5244,2397,3159,2020,2232,1440,1636,1519,3137
"sz",1,20141013,93519,10.11,2,2020,2,"S",10.11,10.1,10.09,10.08,10.07,10.12,10.13,10.14,10.15,10.16,2743,5246,2397,3169,2020,2232,1280,1636,1519,3137
"sz",1,20141013,93521,10.12,2,6072,6,"B",10.11,10.1,10.09,10.08,10.07,10.12,10.13,10.14,10.15,10.16,2765,5271,2397,3169,2020,2227,1280,1636,1519,3137
"sz",1,20141013,93525,10.11,5,114648,114,"S",10.11,10.1,10.09,10.08,10.07,10.12,10.13,10.14,10.15,10.16,2681,5292,2397,3169,2020,2251,1280,1636,1519,3137
"sz",1,20141013,93528,10.11,4,309588,306,"S",10.11,10.1,10.09,10.08,10.07,10.12,10.13,10.14,10.15,10.16,2432,5302,2397,3169,2020,2231,1285,1636,1519,3137
"sz",1,20141013,93531,10.11,3,230436,228,"S",10.11,10.1,10.09,10.08,10.07,10.12,10.13,10.14,10.15,10.16,2211,5262,2397,3247,2020,2231,1285,1636,1519,3153
"sz",1,20141013,93534,10.12,4,80960,80,"B",10.11,10.1,10.09,10.08,10.07,10.12,10.13,10.14,10.15,10.16,2222,5204,2407,3262,2020,2134,1275,1636,1519,3153
"sz",1,20141013,93537,10.11,4,53662,53,"S",10.11,10.1,10.09,10.08,10.07,10.12,10.13,10.14,10.15,10.16,2180,5243,2407,3282,2020,2145,1392,1656,1519,3153
"sz",1,20141013,93540,10.11,15,1021118,1010,"S",10.11,10.1,10.09,10.08,10.07,10.12,10.13,10.14,10.15,10.16,1249,5331,2426,3282,2060,2156,1420,1656,1499,2859
"sz",1,20141013,93543,10.11,2,54596,54,"S",10.11,10.1,10.09,10.08,10.07,10.12,10.13,10.14,10.15,10.16,1276,5333,2436,3310,2060,2156,1420,1656,1499,2859
"sz",1,20141013,93545,10.12,2,20240,20,"B",10.11,10.1,10.09,10.08,10.07,10.12,10.13,10.14,10.15,10.16,1276,5343,2436,3314,2060,2136,1420,1656,1499,2859
"sz",1,20141013,93549,10.12,3,27324,27,"B",10.11,10.1,10.09,10.08,10.07,10.12,10.13,10.14,10.15,10.16,1276,5343,2436,3344,2060,2109,1420,1656,1499,2864
"sz",1,20141013,93555,10.12,3,48168,48,"B",10.11,10.1,10.09,10.08,10.07,10.12,10.13,10.14,10.15,10.16,1374,5376,2436,3344,2060,2164,1420,1656,1450,2864
"sz",1,20141013,93558,10.11,5,363572,359,"S",10.11,10.1,10.09,10.08,10.07,10.12,10.13,10.14,10.15,10.16,1037,5446,2448,3340,2060,2147,1494,1656,1450,2864
"sz",1,20141013,93601,10.11,2,12132,12,"S",10.11,10.1,10.09,10.08,10.07,10.12,10.13,10.14,10.15,10.16,1126,5508,2448,3350,2060,2119,1466,1446,1450,2869
"sz",1,20141013,93604,10.11,7,125768,125,"S",10.11,10.1,10.09,10.08,10.07,10.12,10.13,10.14,10.15,10.16,1232,5506,2448,3410,2060,2119,1490,1446,1450,2869
"sz",1,20141013,93607,10.12,2,11132,11,"B",10.11,10.1,10.09,10.08,10.07,10.12,10.13,10.14,10.15,10.16,1258,5506,2443,3412,2060,2209,1498,1425,2047,2869
"sz",1,20141013,93610,10.11,1,7734,7,"S",10.11,10.1,10.09,10.08,10.07,10.12,10.13,10.14,10.15,10.16,1573,5519,2473,3422,2060,2232,1498,1425,2047,2869
"sz",1,20141013,93613,10.11,4,39458,39,"S",10.11,10.1,10.09,10.08,10.07,10.12,10.13,10.14,10.15,10.16,1588,5529,2473,3422,2060,2224,1498,1425,2047,2869
"sz",1,20141013,93615,10.11,11,151700,150,"S",10.11,10.1,10.09,10.08,10.07,10.12,10.13,10.14,10.15,10.16,1699,5529,2474,3422,2060,2180,1498,1425,2047,2869
"sz",1,20141013,93619,10.11,2,36422,36,"S",10.11,10.1,10.09,10.08,10.07,10.12,10.13,10.14,10.15,10.16,1959,5542,2474,3422,2060,2155,1498,1425,2047,2869
"sz",1,20141013,93622,10.12,5,103136,102,"B",10.11,10.1,10.09,10.08,10.07,10.12,10.13,10.14,10.15,10.16,1939,5543,2474,3422,2075,2141,1478,1425,2047,2869
"sz",1,20141013,93625,10.11,2,2022,2,"S",10.11,10.1,10.09,10.08,10.07,10.12,10.13,10.14,10.15,10.16,1951,5548,2474,3422,2075,2150,1478,1425,2047,2869
"sz",1,20141013,93628,10.11,1,1012,1,"S",10.11,10.1,10.09,10.08,10.07,10.12,10.13,10.14,10.15,10.16,2079,5566,2474,3432,2075,2150,1478,1425,2047,2869
"sz",1,20141013,93631,10.12,2,51610,51,"B",10.11,10.1,10.09,10.08,10.07,10.12,10.13,10.14,10.15,10.16,2121,5368,2484,3432,2075,2250,1450,1425,2047,2869
"sz",1,20141013,93634,10.11,1,10110,10,"S",10.11,10.1,10.09,10.08,10.07,10.12,10.13,10.14,10.15,10.16,2117,5373,2519,3437,2075,2278,1450,1425,2047,2869
"sz",1,20141013,93636,10.11,5,25284,25,"S",10.11,10.1,10.09,10.08,10.07,10.12,10.13,10.14,10.15,10.16,2101,5367,2519,3437,2075,2269,1450,1425,2047,2869
"sz",1,20141013,93640,10.12,16,285120,282,"B",10.11,10.1,10.09,10.08,10.07,10.12,10.13,10.14,10.15,10.16,1840,5377,2519,3447,2075,2250,1450,1425,2047,2869
"sz",1,20141013,93643,10.11,5,10758,11,"S",10.11,10.1,10.09,10.08,10.07,10.12,10.13,10.14,10.15,10.16,1879,5387,2568,3447,2102,2278,1450,1425,2047,2869
"sz",1,20141013,93646,10.11,11,77878,77,"S",10.11,10.1,10.09,10.08,10.07,10.12,10.13,10.14,10.15,10.16,1849,5197,2568,3447,2103,2248,1450,1425,2047,2869
"sz",1,20141013,93649,10.11,5,25616,25,"S",10.11,10.1,10.09,10.08,10.07,10.12,10.13,10.14,10.15,10.16,1839,5202,2568,3457,2103,2248,1450,1425,2071,2869
"sz",1,20141013,93652,10.11,2,5056,5,"S",10.11,10.1,10.09,10.08,10.07,10.12,10.13,10.14,10.15,10.16,1921,5702,2568,3457,2103,2247,1450,1425,2071,2869
"sz",1,20141013,93655,10.12,1,9108,9,"B",10.11,10.1,10.09,10.08,10.07,10.12,10.13,10.14,10.15,10.16,2130,5702,2568,3457,2103,2238,1450,1425,2071,2869
"sz",1,20141013,93700,10.11,4,15166,15,"S",10.11,10.1,10.09,10.08,10.07,10.12,10.13,10.14,10.15,10.16,2383,5724,2568,3471,2103,2894,1450,1425,2071,2869
"sz",1,20141013,93704,10.11,8,75264,75,"S",10.11,10.1,10.09,10.08,10.07,10.12,10.13,10.14,10.15,10.16,2320,5719,2568,3471,2103,2889,1450,1425,2071,2869
"sz",1,20141013,93707,10.12,23,526748,521,"B",10.11,10.1,10.09,10.08,10.07,10.12,10.13,10.14,10.15,10.16,1518,5775,2568,3491,2103,2891,1440,1425,2071,2869
"sz",1,20141013,93710,10.11,2,19210,19,"S",10.11,10.1,10.09,10.08,10.07,10.12,10.13,10.14,10.15,10.16,1520,5824,2578,3491,2076,2891,1440,1425,2071,2869
"sz",1,20141013,93713,10.12,2,15174,15,"B",10.11,10.1,10.09,10.08,10.07,10.12,10.13,10.14,10.15,10.16,1609,6339,2578,3491,2081,2881,1440,1425,2071,2869
"sz",1,20141013,93715,10.12,1,30360,30,"B",10.11,10.1,10.09,10.08,10.07,10.12,10.13,10.14,10.15,10.16,1709,6339,2578,3491,2081,2858,1440,1425,2071,2869
"sz",1,20141013,93719,10.11,5,83634,82,"S",10.11,10.1,10.09,10.08,10.07,10.12,10.13,10.14,10.15,10.16,1768,6348,2578,3491,2081,2784,1488,1425,2071,2869
"sz",1,20141013,93722,10.11,10,262820,260,"S",10.11,10.1,10.09,10.08,10.07,10.12,10.13,10.14,10.15,10.16,1836,6331,2578,3491,2081,2784,1488,1425,2071,2869
"sz",1,20141013,93725,10.11,1,6064,6,"S",10.11,10.1,10.09,10.08,10.07,10.12,10.13,10.14,10.15,10.16,1928,6331,2578,3480,2081,3133,1488,1425,2071,2869
"sz",1,20141013,93728,10.12,17,393620,390,"B",10.11,10.1,10.09,10.08,10.07,10.12,10.13,10.14,10.15,10.16,1691,6336,2578,3491,2076,3133,1488,1425,2071,2869
"sz",1,20141013,93731,10.11,28,361944,358,"S",10.11,10.1,10.09,10.08,10.07,10.12,10.13,10.14,10.15,10.16,1350,6353,2578,3501,2076,3106,1460,1425,2071,2869
"sz",1,20141013,93733,10.12,2,109268,108,"B",10.11,10.1,10.09,10.08,10.07,10.12,10.13,10.14,10.15,10.16,1607,6423,2581,3501,2076,3026,1488,1425,2071,2869
"sz",1,20141013,93737,10.11,1,9100,9,"S",10.11,10.1,10.09,10.08,10.07,10.12,10.13,10.14,10.15,10.16,1635,6445,2581,3561,2076,3026,1488,1425,2071,2869
"sz",1,20141013,93738,10.11,2,40460,40,"S",10.11,10.1,10.09,10.08,10.07,10.12,10.13,10.14,10.15,10.16,1625,6445,2581,3571,2076,3006,1488,1425,2071,2869
"sz",1,20141013,93743,10.11,6,422832,418,"S",10.11,10.1,10.09,10.08,10.07,10.12,10.13,10.14,10.15,10.16,1753,6450,2581,3571,2076,2767,1488,1425,2071,2869
"sz",1,20141013,93746,10.11,2,93012,92,"S",10.11,10.1,10.09,10.08,10.07,10.12,10.13,10.14,10.15,10.16,2096,6450,2581,3591,2076,2816,1488,1425,2071,2869
"sz",1,20141013,93749,10.12,4,52624,52,"B",10.11,10.1,10.09,10.08,10.07,10.12,10.13,10.14,10.15,10.16,2121,6454,2586,3591,2076,2766,1488,1425,2071,2869
"sz",1,20141013,93752,10.11,21,329234,325,"S",10.11,10.1,10.09,10.08,10.07,10.12,10.13,10.14,10.15,10.16,1834,6464,2601,3602,2091,2814,1488,1425,2071,2857
"sz",1,20141013,93755,10.11,6,67770,67,"S",10.11,10.1,10.09,10.08,10.07,10.12,10.13,10.14,10.15,10.16,1939,6477,2601,3622,2371,2782,1488,1425,2071,3207
"sz",1,20141013,93757,10.11,1,1010,1,"S",10.11,10.1,10.09,10.08,10.07,10.12,10.13,10.14,10.15,10.16,1961,6492,2615,3631,2371,2794,1488,1425,2071,3202
"sz",1,20141013,93801,10.11,4,12132,12,"S",10.11,10.1,10.09,10.08,10.07,10.12,10.13,10.14,10.15,10.16,2180,6498,2635,3631,2371,2794,1488,1425,2071,3202
"sz",1,20141013,93803,10.11,9,262860,260,"S",10.11,10.1,10.09,10.08,10.07,10.12,10.13,10.14,10.15,10.16,1933,6523,2635,3631,2371,2794,1488,1425,2071,3202
"sz",1,20141013,93807,10.11,2,52774,52,"S",10.11,10.1,10.09,10.08,10.07,10.12,10.13,10.14,10.15,10.16,1912,6599,2635,3636,2371,2807,1488,1425,2071,3202
"sz",1,20141013,93810,10.11,13,204224,202,"S",10.11,10.1,10.09,10.08,10.07,10.12,10.13,10.14,10.15,10.16,1737,6599,2635,3636,2371,2920,1488,1425,2081,3202
"sz",1,20141013,93812,10.11,7,83924,83,"S",10.11,10.1,10.09,10.08,10.07,10.12,10.13,10.14,10.15,10.16,1718,6604,2635,3636,2371,2918,1488,1425,2081,3202
"sz",1,20141013,93816,10.12,5,280144,277,"B",10.11,10.1,10.09,10.08,10.07,10.12,10.13,10.14,10.15,10.16,1543,6604,2635,3636,2371,2821,1488,1425,2081,3202
"sz",1,20141013,93821,10.11,7,202200,200,"S",10.11,10.1,10.09,10.08,10.07,10.12,10.13,10.14,10.15,10.16,1431,6604,2635,3641,2371,2850,1488,1425,2081,3202
"sz",1,20141013,93825,10.12,4,44156,44,"B",10.11,10.1,10.09,10.08,10.07,10.12,10.13,10.14,10.15,10.16,1528,6546,2651,3641,2371,2942,1497,1425,2081,3202
"sz",1,20141013,93827,10.11,8,131572,130,"S",10.11,10.1,10.09,10.08,10.07,10.12,10.13,10.14,10.15,10.16,1404,6546,2656,3641,2371,2942,1497,1425,2071,3202
"sz",1,20141013,93831,10.11,6,127412,126,"S",10.11,10.1,10.09,10.08,10.07,10.12,10.13,10.14,10.15,10.16,1963,6664,2656,3641,2368,2915,1497,1425,2071,3202
"sz",1,20141013,93834,10.11,5,152662,151,"S",10.11,10.1,10.09,10.08,10.07,10.12,10.13,10.14,10.15,10.16,1823,6713,2656,3651,2368,2915,1497,1425,2071,3202
"sz",1,20141013,93835,10.11,3,13154,13,"S",10.11,10.1,10.09,10.08,10.07,10.12,10.13,10.14,10.15,10.16,1893,6723,2656,3651,2368,2905,1497,1425,2071,3202
"sz",1,20141013,93839,10.12,1,9108,9,"B",10.11,10.1,10.09,10.08,10.07,10.12,10.13,10.14,10.15,10.16,1904,6783,2656,3695,2390,2896,1497,1425,2071,3202
"sz",1,20141013,93843,10.12,3,15168,15,"B",10.11,10.1,10.09,10.08,10.07,10.12,10.13,10.14,10.15,10.16,1923,6789,2656,3695,2390,2898,1497,1425,2071,3202
"sz",1,20141013,93846,10.11,10,430744,426,"S",10.11,10.1,10.09,10.08,10.07,10.12,10.13,10.14,10.15,10.16,1683,6609,2656,3695,2395,2166,1497,1450,2071,3202
"sz",1,20141013,93852,10.11,31,520690,515,"S",10.11,10.1,10.09,10.08,10.07,10.12,10.13,10.14,10.15,10.16,1259,6624,2636,3795,2415,2182,1525,1450,2071,3202
"sz",1,20141013,93855,10.12,11,97064,96,"B",10.11,10.1,10.09,10.08,10.07,10.12,10.13,10.14,10.15,10.16,1521,6624,2636,3795,2413,2174,1525,1450,2071,3202
"sz",1,20141013,93857,10.12,7,127134,126,"B",10.11,10.1,10.09,10.08,10.07,10.12,10.13,10.14,10.15,10.16,1528,6624,2636,3795,2413,2061,1525,1450,2071,3202
"sz",1,20141013,93904,10.11,11,615198,608,"S",10.11,10.1,10.09,10.08,10.07,10.12,10.13,10.14,10.15,10.16,1719,6660,2636,3788,2413,1475,1538,1450,2071,3202
"sz",1,20141013,93907,10.11,1,19210,19,"S",10.11,10.1,10.09,10.08,10.07,10.12,10.13,10.14,10.15,10.16,2019,6669,2636,3798,2413,1361,1538,1256,2071,3230
"sz",1,20141013,93910,10.12,8,86956,86,"B",10.11,10.1,10.09,10.08,10.07,10.12,10.13,10.14,10.15,10.16,2045,6677,2642,3798,2413,1350,1538,1256,2071,3230
"sz",1,20141013,93913,10.12,5,48568,48,"B",10.11,10.1,10.09,10.08,10.07,10.12,10.13,10.14,10.15,10.16,2107,6677,2642,3798,2413,1332,1538,1256,2071,3230
"sz",1,20141013,93915,10.11,2,2020,2,"S",10.11,10.1,10.09,10.08,10.07,10.12,10.13,10.14,10.15,10.16,2153,6687,2647,3798,2413,1332,1538,1256,2071,3811
"sz",1,20141013,93919,10.11,3,208468,206,"S",10.11,10.1,10.09,10.08,10.07,10.12,10.13,10.14,10.15,10.16,2318,6781,2677,3848,2413,1131,1538,1266,2071,3821
"sz",1,20141013,93922,10.11,1,63692,63,"S",10.11,10.1,10.09,10.08,10.07,10.12,10.13,10.14,10.15,10.16,2255,6834,2677,3853,2413,1102,1538,1266,2071,3838
"sz",1,20141013,93925,10.12,8,101184,100,"B",10.11,10.1,10.09,10.08,10.07,10.12,10.13,10.14,10.15,10.16,2257,6894,2677,3853,2413,1662,1538,1266,2071,3838
"sz",1,20141013,93928,10.11,47,1917356,1896,"S",10.11,10.1,10.09,10.08,10.07,10.12,10.13,10.14,10.15,10.16,911,6896,2738,3853,2413,1162,1538,1266,2071,3838
"sz",1,20141013,93931,10.11,3,16820,16,"S",10.11,10.1,10.09,10.08,10.07,10.12,10.13,10.14,10.15,10.16,984,6976,2738,3853,2413,1760,1538,1266,2071,3938
"sz",1,20141013,93934,10.12,5,39720,40,"B",10.11,10.1,10.09,10.08,10.07,10.12,10.13,10.14,10.15,10.16,1068,6981,2738,4053,2413,1729,1567,1266,2071,3938
"sz",1,20141013,93937,10.11,4,30328,30,"S",10.11,10.1,10.09,10.08,10.07,10.12,10.13,10.14,10.15,10.16,1065,7028,2741,4071,2413,1729,1567,1266,2071,3938
"sz",1,20141013,93940,10.12,4,13152,13,"B",10.11,10.1,10.09,10.08,10.07,10.12,10.13,10.14,10.15,10.16,1165,7048,2741,4071,2413,1742,1567,1266,2071,3938
"sz",1,20141013,93942,10.12,2,21240,21,"B",10.11,10.1,10.09,10.08,10.07,10.12,10.13,10.14,10.15,10.16,1381,7048,2754,4071,2413,1732,1567,1266,2071,3938
"sz",1,20141013,93946,10.11,5,90052,89,"S",10.11,10.1,10.09,10.08,10.07,10.12,10.13,10.14,10.15,10.16,1397,7057,2754,4071,2413,1711,1539,1240,2071,3938
"sz",1,20141013,93949,10.12,2,13156,13,"B",10.11,10.1,10.09,10.08,10.07,10.12,10.13,10.14,10.15,10.16,1361,7264,2754,4071,2413,3732,1539,1240,2071,3938
"sz",1,20141013,93952,10.12,2,30460,30,"B",10.11,10.1,10.09,10.08,10.07,10.12,10.13,10.14,10.15,10.16,1346,7264,2756,4071,2413,3723,1539,1240,2071,3938
"sz",1,20141013,93955,10.11,2,35388,35,"S",10.11,10.1,10.09,10.08,10.07,10.12,10.13,10.14,10.15,10.16,1351,7264,2756,4071,2413,3741,1539,1240,2071,3938
"sz",1,20141013,93958,10.12,5,82984,82,"B",10.11,10.1,10.09,10.08,10.07,10.12,10.13,10.14,10.15,10.16,1405,7289,2756,4071,2413,3669,1539,1240,2071,3938
"sz",1,20141013,94001,10.12,6,87032,86,"B",10.11,10.1,10.09,10.08,10.07,10.12,10.13,10.14,10.15,10.16,1528,7583,2756,4073,2413,3583,1539,1240,2071,3938
"sz",1,20141013,94004,10.11,3,19432,19,"S",10.11,10.1,10.09,10.08,10.07,10.12,10.13,10.14,10.15,10.16,1785,7565,2756,4073,2413,3594,1539,1240,2071,3938
"sz",1,20141013,94007,10.12,6,114004,113,"B",10.11,10.1,10.09,10.08,10.07,10.12,10.13,10.14,10.15,10.16,1787,7565,2750,4078,2413,3489,1539,1240,2071,3938
"sz",1,20141013,94010,10.12,3,165116,163,"B",10.11,10.1,10.09,10.08,10.07,10.12,10.13,10.14,10.15,10.16,2127,7634,2750,4078,2425,3487,1539,1240,2071,3943
"sz",1,20141013,94013,10.12,4,55664,55,"B",10.11,10.1,10.09,10.08,10.07,10.12,10.13,10.14,10.15,10.16,2138,7616,2750,4078,2425,3432,1539,1240,2071,3943
"sz",1,20141013,94016,10.12,1,19224,19,"B",10.11,10.1,10.09,10.08,10.07,10.12,10.13,10.14,10.15,10.16,2198,7615,2750,4078,2425,3632,1539,1240,2071,3943
"sz",1,20141013,94019,10.11,3,37024,37,"S",10.11,10.1,10.09,10.08,10.07,10.12,10.13,10.14,10.15,10.16,2251,7635,2750,4078,2425,3693,1539,1240,2071,3943
"sz",1,20141013,94022,10.12,8,72792,72,"B",10.11,10.1,10.09,10.08,10.07,10.12,10.13,10.14,10.15,10.16,2280,7687,2750,4083,2425,4376,1539,1240,2071,3946
"sz",1,20141013,94025,10.11,4,17204,17,"S",10.11,10.1,10.09,10.08,10.07,10.12,10.13,10.14,10.15,10.16,3228,7692,2750,4086,2425,4361,1737,1240,2071,3946
"sz",1,20141013,94028,10.12,4,44872,44,"B",10.11,10.1,10.09,10.08,10.07,10.12,10.13,10.14,10.15,10.16,3274,7685,2800,4086,2425,4317,1737,1240,2071,3946
"sz",1,20141013,94031,10.11,1,2020,2,"S",10.11,10.1,10.09,10.08,10.07,10.12,10.13,10.14,10.15,10.16,3292,7715,2800,4086,2425,4289,1709,1240,2071,3946
"sz",1,20141013,94034,10.11,4,52976,52,"S",10.11,10.1,10.09,10.08,10.07,10.12,10.13,10.14,10.15,10.16,3257,7699,2800,4086,2425,4289,1737,1240,2076,3946
"sz",1,20141013,94037,10.11,6,69828,69,"S",10.11,10.1,10.09,10.08,10.07,10.12,10.13,10.14,10.15,10.16,3258,7729,2800,4076,2425,4300,1737,1240,2076,3946
"sz",1,20141013,94040,10.11,3,59276,59,"S",10.11,10.1,10.09,10.08,10.07,10.12,10.13,10.14,10.15,10.16,3264,7654,2811,4076,2425,4300,1737,1240,2071,3946
"sz",1,20141013,94042,10.11,24,515612,510,"S",10.11,10.1,10.09,10.08,10.07,10.12,10.13,10.14,10.15,10.16,2788,7676,2711,4091,2425,4295,1737,1240,2071,3956
"sz",1,20141013,94046,10.11,1,1012,1,"S",10.11,10.1,10.09,10.08,10.07,10.12,10.13,10.14,10.15,10.16,2798,7413,2711,4093,2425,4236,1737,1220,2071,3956
"sz",1,20141013,94049,10.11,6,66744,66,"S",10.11,10.1,10.09,10.08,10.07,10.12,10.13,10.14,10.15,10.16,2813,7423,2711,4093,2425,4216,1714,1220,2078,3956
"sz",1,20141013,94052,10.11,9,234552,232,"S",10.11,10.1,10.09,10.08,10.07,10.12,10.13,10.14,10.15,10.16,2750,7423,2711,4093,2395,4246,1707,1220,2086,3956
"sz",1,20141013,94054,10.12,4,129536,128,"B",10.11,10.1,10.09,10.08,10.07,10.12,10.13,10.14,10.15,10.16,2977,7428,2716,4093,2409,4138,1707,1220,2086,3956
"sz",1,20141013,94058,10.12,3,18208,18,"B",10.11,10.1,10.09,10.08,10.07,10.12,10.13,10.14,10.15,10.16,3176,7456,2716,4102,2409,4177,1707,1220,2086,3956
"sz",1,20141013,94101,10.11,2,6068,6,"S",10.11,10.1,10.09,10.08,10.07,10.12,10.13,10.14,10.15,10.16,3181,6793,2721,4102,2409,4178,1707,1220,2086,3957
"sz",1,20141013,94102,10.11,1,27904,28,"S",10.11,10.1,10.09,10.08,10.07,10.12,10.13,10.14,10.15,10.16,3201,6793,2721,4102,2409,4188,1707,1220,2086,3957
"sz",1,20141013,94107,10.12,17,216368,214,"B",10.11,10.1,10.09,10.08,10.07,10.12,10.13,10.14,10.15,10.16,3108,6803,2721,4102,2409,4173,1707,1220,2086,3957
"sz",1,20141013,94110,10.11,7,418956,414,"S",10.11,10.1,10.09,10.08,10.07,10.12,10.13,10.14,10.15,10.16,3108,6833,2721,4102,2409,3838,6720,1220,2086,3957
"sz",1,20141013,94112,10.12,3,17836,17,"B",10.11,10.1,10.09,10.08,10.07,10.12,10.13,10.14,10.15,10.16,3132,6843,2721,4102,2409,3828,6720,1220,2086,3957
"sz",1,20141013,94115,10.12,2,21252,21,"B",10.11,10.1,10.09,10.08,10.07,10.12,10.13,10.14,10.15,10.16,3397,7051,2721,4102,2409,3818,6692,1220,2086,3957
"sz",1,20141013,94119,10.12,2,4044,4,"B",10.11,10.1,10.09,10.08,10.07,10.12,10.13,10.14,10.15,10.16,3526,7159,2721,4102,2409,3843,6692,1220,2086,3957
"sz",1,20141013,94122,10.11,7,60820,60,"S",10.11,10.1,10.09,10.08,10.07,10.12,10.13,10.14,10.15,10.16,3555,7166,2721,4302,2409,3855,6692,6220,2086,3957
"sz",1,20141013,94125,10.12,24,1022192,1011,"B",10.11,10.1,10.09,10.08,10.07,10.12,10.13,10.14,10.15,10.16,2677,7176,2721,4307,2470,3805,6692,6220,2086,3957
"sz",1,20141013,94128,10.12,4,60708,60,"B",10.11,10.1,10.09,10.08,10.07,10.12,10.13,10.14,10.15,10.16,2703,7181,2721,4307,2470,1739,6692,6220,2086,3957
"sz",1,20141013,94130,10.12,2,40480,40,"B",10.11,10.1,10.09,10.08,10.07,10.12,10.13,10.14,10.15,10.16,2703,7189,2721,4307,2470,1711,6697,6220,2086,3957
"sz",1,20141013,94133,10.11,3,14156,14,"S",10.11,10.1,10.09,10.08,10.07,10.12,10.13,10.14,10.15,10.16,2738,7239,2721,4307,2470,1711,6697,6220,2076,3957
"sz",1,20141013,94137,10.12,5,21176,21,"B",10.11,10.1,10.09,10.08,10.07,10.12,10.13,10.14,10.15,10.16,3517,7232,2771,4307,2470,1693,6697,6220,2076,3957
"sz",1,20141013,94139,10.12,2,12144,12,"B",10.11,10.1,10.09,10.08,10.07,10.12,10.13,10.14,10.15,10.16,3727,7282,2771,4307,2470,1681,6697,6220,2076,3957
"sz",1,20141013,94143,10.12,2,92092,91,"B",10.11,10.1,10.09,10.08,10.07,10.12,10.13,10.14,10.15,10.16,3751,7292,2771,4307,2497,1594,6697,6220,2076,3957
"sz",1,20141013,94146,10.11,13,159772,158,"S",10.11,10.1,10.09,10.08,10.07,10.12,10.13,10.14,10.15,10.16,3598,7298,2781,4307,2497,1589,6697,6220,2076,3957
"sz",1,20141013,94149,10.12,3,36432,36,"B",10.11,10.1,10.09,10.08,10.07,10.12,10.13,10.14,10.15,10.16,3638,7331,2781,4329,2497,1557,6725,6220,2076,3994
"sz",1,20141013,94152,10.12,4,59708,59,"B",10.11,10.1,10.09,10.08,10.07,10.12,10.13,10.14,10.15,10.16,3652,7341,2781,4329,2497,1548,6725,6220,2076,3994
"sz",1,20141013,94155,10.12,8,126500,125,"B",10.11,10.1,10.09,10.08,10.07,10.12,10.13,10.14,10.15,10.16,3706,7359,2781,4344,2497,1425,6725,6220,2076,3994
"sz",1,20141013,94157,10.11,1,69760,69,"S",10.11,10.1,10.09,10.08,10.07,10.12,10.13,10.14,10.15,10.16,3822,7859,2781,4349,2497,1515,6725,6220,2076,3994
"sz",1,20141013,94201,10.12,9,507212,501,"B",10.11,10.1,10.09,10.08,10.07,10.12,10.13,10.14,10.15,10.16,4007,7879,2781,4349,2497,987,6697,6220,2076,3994
"sz",1,20141013,94204,10.12,7,210468,208,"B",10.11,10.1,10.09,10.08,10.07,10.12,10.13,10.14,10.15,10.16,4012,7919,2781,4349,2497,807,6697,6220,2076,3994
"sz",1,20141013,94207,10.12,3,120348,119,"B",10.11,10.1,10.09,10.08,10.07,10.12,10.13,10.14,10.15,10.16,3974,7924,2781,4357,2497,778,6697,6159,2076,3994
"sz",1,20141013,94210,10.12,5,15180,15,"B",10.11,10.1,10.09,10.08,10.07,10.12,10.13,10.14,10.15,10.16,4030,7838,2781,4357,2497,764,6697,6159,2096,3994
"sz",1,20141013,94213,10.12,10,101188,100,"B",10.11,10.1,10.09,10.08,10.07,10.12,10.13,10.14,10.15,10.16,4024,7843,2781,4357,2492,680,6697,6159,2096,3994
"sz",1,20141013,94215,10.12,15,397716,393,"B",10.11,10.1,10.09,10.08,10.07,10.12,10.13,10.14,10.15,10.16,4111,7950,2781,4362,2492,288,6697,6159,2096,3994
"sz",1,20141013,94219,10.12,18,255024,252,"B",10.11,10.1,10.09,10.08,10.07,10.12,10.13,10.14,10.15,10.16,4135,8345,2786,4372,2492,160,6697,6159,2096,3994
"sz",1,20141013,94222,10.11,13,179692,178,"S",10.11,10.1,10.09,10.08,10.07,10.12,10.13,10.14,10.15,10.16,4035,8385,2786,4372,2492,79,6697,6159,2096,3994
"sz",1,20141013,94224,10.12,4,56672,56,"B",10.11,10.1,10.09,10.08,10.07,10.12,10.13,10.14,10.15,10.16,4144,8390,2786,4372,2492,551,6677,6159,2096,3994
"sz",1,20141013,94227,10.12,9,117356,116,"B",10.11,10.1,10.09,10.08,10.07,10.12,10.13,10.14,10.15,10.16,4082,8674,2786,4372,2492,470,6677,6159,2096,3894
"sz",1,20141013,94231,10.12,5,52624,52,"B",10.11,10.1,10.09,10.08,10.07,10.12,10.13,10.14,10.15,10.16,4093,8636,2786,4422,2492,419,6677,6159,2096,3884
"sz",1,20141013,94234,10.12,4,64720,64,"B",10.11,10.1,10.09,10.08,10.07,10.12,10.13,10.14,10.15,10.16,4624,8636,2786,4422,2492,401,6677,6159,2096,3884
"sz",1,20141013,94237,10.12,4,49592,49,"B",10.11,10.1,10.09,10.08,10.07,10.12,10.13,10.14,10.15,10.16,4624,8668,2787,4403,2492,513,6677,6159,2096,3884
"sz",1,20141013,94240,10.12,5,323744,320,"B",10.11,10.1,10.09,10.08,10.07,10.12,10.13,10.14,10.15,10.16,4554,8688,2787,4403,2492,307,6677,6159,2096,3884
"sz",1,20141013,94243,10.12,3,62744,62,"B",10.11,10.1,10.09,10.08,10.07,10.12,10.13,10.14,10.15,10.16,4621,8698,2787,4403,2492,245,6677,6159,2096,3884
"sz",1,20141013,94246,10.11,4,16528,16,"S",10.11,10.1,10.09,10.08,10.07,10.12,10.13,10.14,10.15,10.16,4604,8825,2787,4403,2492,483,6672,6159,2096,3884
"sz",1,20141013,94249,10.12,7,64768,64,"B",10.11,10.1,10.09,10.08,10.07,10.12,10.13,10.14,10.15,10.16,4604,8825,2787,4403,2492,420,6715,6159,2096,3884
"sz",1,20141013,94252,10.12,3,35420,35,"B",10.11,10.1,10.09,10.08,10.07,10.12,10.13,10.14,10.15,10.16,4663,8836,2787,4403,2492,386,6715,6159,2096,3884
"sz",1,20141013,94254,10.12,7,52252,52,"B",10.11,10.1,10.09,10.08,10.07,10.12,10.13,10.14,10.15,10.16,4779,8858,2787,4403,2492,389,6743,6159,2096,3884
"sz",1,20141013,94258,10.12,9,120400,119,"B",10.11,10.1,10.09,10.08,10.07,10.12,10.13,10.14,10.15,10.16,4752,8874,2787,4403,2503,407,6743,6159,2096,3884
"sz",1,20141013,94301,10.12,9,419816,415,"B",10.12,10.11,10.1,10.09,10.08,10.13,10.14,10.15,10.16,10.17,116,4770,8919,2787,4402,6715,6159,2096,3879,1443
"sz",1,20141013,94304,10.11,8,173024,171,"S",10.11,10.1,10.09,10.08,10.07,10.13,10.14,10.15,10.16,10.17,4890,8938,2787,4402,2503,6715,6159,2096,3879,1443
"sz",1,20141013,94307,10.13,2,47608,47,"B",10.11,10.1,10.09,10.08,10.07,10.13,10.14,10.15,10.16,10.17,5205,8953,2787,4402,2503,6668,6159,2096,3879,1443
"sz",1,20141013,94309,10.12,2,52624,52,"S",10.12,10.11,10.1,10.09,10.08,10.13,10.14,10.15,10.16,10.17,39,5214,9155,2787,4402,6668,6159,2096,3879,1443
"sz",1,20141013,94313,10.12,7,43516,43,"S",10.12,10.11,10.1,10.09,10.08,10.13,10.14,10.15,10.16,10.17,46,5317,9155,2787,4402,6668,6164,2596,3879,1443
"sz",1,20141013,94316,10.12,2,29248,29,"S",10.12,10.11,10.1,10.09,10.08,10.13,10.14,10.15,10.16,10.17,24,5341,9175,2887,4400,6668,6164,2596,3879,1443
"sz",1,20141013,94319,10.12,7,103332,102,"S",10.11,10.1,10.09,10.08,10.07,10.12,10.13,10.14,10.15,10.16,4691,9180,2887,4400,2503,100,6659,6164,2596,3879
"sz",1,20141013,94322,10.12,4,160860,159,"B",10.12,10.11,10.1,10.09,10.08,10.13,10.14,10.15,10.16,10.17,1,4721,9030,2887,4400,6609,6164,2596,3879,1443
"sz",1,20141013,94325,10.12,5,32492,32,"S",10.11,10.1,10.09,10.08,10.07,10.12,10.13,10.14,10.15,10.16,4757,9039,2887,4400,2503,237,6599,6164,2596,3879
"sz",1,20141013,94327,10.12,4,102164,101,"B",10.11,10.1,10.09,10.08,10.07,10.12,10.13,10.14,10.15,10.16,5018,9074,2887,4400,2503,220,6599,6164,2596,3879
"sz",1,20141013,94331,10.12,4,112332,111,"B",10.11,10.1,10.09,10.08,10.07,10.12,10.13,10.14,10.15,10.16,4942,9074,2887,4400,2503,592,6599,6164,2596,3879
"sz",1,20141013,94333,10.12,5,28656,28,"B",10.11,10.1,10.09,10.08,10.07,10.12,10.13,10.14,10.15,10.16,4971,9089,2887,4700,2503,657,6599,6164,2596,3878
"sz",1,20141013,94337,10.12,10,172040,170,"B",10.11,10.1,10.09,10.08,10.07,10.12,10.13,10.14,10.15,10.16,5424,9089,2887,4723,2503,587,6479,6164,2596,3878
"sz",1,20141013,94340,10.12,9,651260,644,"B",10.12,10.11,10.1,10.09,10.08,10.13,10.14,10.15,10.16,10.17,18,5628,9019,2887,4723,6479,6164,2596,3878,1473
"sz",1,20141013,94343,10.11,3,198196,196,"S",10.12,10.11,10.1,10.09,10.08,10.13,10.14,10.15,10.16,10.17,63,5536,9017,2887,4753,6449,6164,2640,3878,1473
"sz",1,20141013,94346,10.13,1,2024,2,"B",10.12,10.11,10.1,10.09,10.08,10.13,10.14,10.15,10.16,10.17,268,5626,9018,2887,4753,6447,6164,2640,3878,1473
"sz",1,20141013,94349,10.12,11,305636,302,"S",10.11,10.1,10.09,10.08,10.07,10.12,10.13,10.14,10.15,10.16,5780,8820,2887,4753,2503,8,6458,6164,2640,3878
"sz",1,20141013,94352,10.13,17,1216816,1202,"B",10.11,10.1,10.09,10.08,10.07,10.13,10.14,10.15,10.16,10.17,5793,8870,2887,4753,2503,6065,6164,2640,3878,1473
"sz",1,20141013,94355,10.11,16,253788,251,"S",10.11,10.1,10.09,10.08,10.07,10.12,10.13,10.14,10.15,10.16,5629,8875,2887,4794,2503,87,6065,6164,2640,3878
"sz",1,20141013,94358,10.12,6,30348,30,"B",10.11,10.1,10.09,10.08,10.07,10.12,10.13,10.14,10.15,10.16,5660,8975,2887,4794,2503,95,6065,6170,2640,3868
"sz",1,20141013,94401,10.12,11,194956,192,"B",10.12,10.11,10.1,10.09,10.08,10.13,10.14,10.15,10.16,10.17,32,5672,8993,2887,4794,6090,6170,2640,3869,1473
"sz",1,20141013,94404,10.12,3,17204,17,"S",10.12,10.11,10.1,10.09,10.08,10.13,10.14,10.15,10.16,10.17,150,5714,8984,2887,4794,6090,6170,2640,3869,1473
"sz",1,20141013,94407,10.12,34,643516,637,"S",10.11,10.1,10.09,10.08,10.07,10.12,10.13,10.14,10.15,10.16,5263,8965,2884,4794,2483,866,6090,6170,2640,3869
"sz",1,20141013,94410,10.12,4,140668,139,"B",10.11,10.1,10.09,10.08,10.07,10.12,10.13,10.14,10.15,10.16,5311,8966,2884,4810,2483,782,6090,6170,2640,3869
"sz",1,20141013,94413,10.11,3,27304,27,"S",10.11,10.1,10.09,10.08,10.07,10.12,10.13,10.14,10.15,10.16,5311,8956,2884,4810,2485,1118,6090,6170,2632,3869
"sz",1,20141013,94416,10.12,4,45532,45,"B",10.11,10.1,10.09,10.08,10.07,10.12,10.13,10.14,10.15,10.16,5486,8951,2886,4810,2485,1098,6248,6170,2632,3869
"sz",1,20141013,94419,10.12,6,220616,218,"B",10.11,10.1,10.09,10.08,10.07,10.12,10.13,10.14,10.15,10.16,6246,9028,2886,4810,2485,921,6248,6170,2632,3819
"sz",1,20141013,94421,10.12,4,31372,31,"B",10.11,10.1,10.09,10.08,10.07,10.12,10.13,10.14,10.15,10.16,6301,9035,2886,4827,2485,896,6248,6170,2632,3819
"sz",1,20141013,94425,10.11,5,53584,53,"S",10.11,10.1,10.09,10.08,10.07,10.12,10.13,10.14,10.15,10.16,6445,9134,2886,4827,2485,895,6248,6170,2632,3819
"sz",1,20141013,94428,10.12,5,86996,86,"B",10.11,10.1,10.09,10.08,10.07,10.12,10.13,10.14,10.15,10.16,6434,9144,2886,4827,2485,1250,6248,6170,2632,3819
"sz",1,20141013,94431,10.11,3,12140,12,"S",10.11,10.1,10.09,10.08,10.07,10.12,10.13,10.14,10.15,10.16,6402,9144,2886,4827,2485,1250,6342,6170,2632,3819
"sz",1,20141013,94434,10.12,3,18868,18,"B",10.11,10.1,10.09,10.08,10.07,10.12,10.13,10.14,10.15,10.16,6493,9124,2886,4827,2485,1249,6342,6170,2632,3819
"sz",1,20141013,94437,10.12,3,15520,16,"B",10.11,10.1,10.09,10.08,10.07,10.12,10.13,10.14,10.15,10.16,6517,9150,2886,4837,2492,1243,6323,6170,2632,3819
"sz",1,20141013,94440,10.11,13,121376,120,"S",10.11,10.1,10.09,10.08,10.07,10.12,10.13,10.14,10.15,10.16,6655,9354,2886,4837,2492,1190,6351,6170,2632,3819
"sz",1,20141013,94443,10.12,3,6064,6,"B",10.11,10.1,10.09,10.08,10.07,10.12,10.13,10.14,10.15,10.16,6695,9369,2886,4839,2492,1198,6351,6170,2632,3819
"sz",1,20141013,94446,10.12,1,25304,25,"B",10.11,10.1,10.09,10.08,10.07,10.12,10.13,10.14,10.15,10.16,6724,9369,2886,4839,2492,1277,6351,6170,2632,3819
"sz",1,20141013,94452,10.11,5,80888,80,"S",10.11,10.1,10.09,10.08,10.07,10.12,10.13,10.14,10.15,10.16,6462,9401,3386,4839,2492,1513,6351,6170,2635,3819
"sz",1,20141013,94455,10.11,10,337876,334,"S",10.11,10.1,10.09,10.08,10.07,10.12,10.13,10.14,10.15,10.16,6324,9431,3386,4839,2492,1333,6351,6170,2635,3819
"sz",1,20141013,94458,10.12,7,107272,106,"B",10.11,10.1,10.09,10.08,10.07,10.12,10.13,10.14,10.15,10.16,6378,9431,3386,4839,2492,1016,6351,6170,2635,3819
"sz",1,20141013,94501,10.11,1,21228,21,"S",10.11,10.1,10.09,10.08,10.07,10.12,10.13,10.14,10.15,10.16,6359,9431,3386,4839,2492,1017,6351,6170,2635,3819
"sz",1,20141013,94504,10.12,4,27324,27,"B",10.11,10.1,10.09,10.08,10.07,10.12,10.13,10.14,10.15,10.16,6365,9431,3406,4839,2492,992,6367,6170,2635,3819
"sz",1,20141013,94507,10.12,2,25300,25,"B",10.11,10.1,10.09,10.08,10.07,10.12,10.13,10.14,10.15,10.16,6427,9331,3406,4839,2492,967,6367,6170,2635,3819
"sz",1,20141013,94510,10.12,3,17844,17,"B",10.11,10.1,10.09,10.08,10.07,10.12,10.13,10.14,10.15,10.16,7456,9336,3416,4902,2492,1224,6367,6170,2635,3819
"sz",1,20141013,94513,10.12,1,1012,1,"B",10.11,10.1,10.09,10.08,10.07,10.12,10.13,10.14,10.15,10.16,7577,9346,3416,4899,2492,1243,6367,6170,2635,3819
"sz",1,20141013,94516,10.11,7,140584,139,"S",10.11,10.1,10.09,10.08,10.07,10.12,10.13,10.14,10.15,10.16,7528,9351,3416,4901,2492,1213,6367,6170,2635,3819
"sz",1,20141013,94518,10.12,3,16192,16,"B",10.11,10.1,10.09,10.08,10.07,10.12,10.13,10.14,10.15,10.16,7586,9351,3416,5001,2492,1226,6367,6170,2635,3819
"sz",1,20141013,94522,10.12,4,171028,169,"B",10.11,10.1,10.09,10.08,10.07,10.12,10.13,10.14,10.15,10.16,7584,9401,3416,5001,2492,852,6367,6170,2635,3819
"sz",1,20141013,94525,10.12,9,181148,179,"B",10.11,10.1,10.09,10.08,10.07,10.12,10.13,10.14,10.15,10.16,7583,9416,3416,5001,2492,692,6367,6170,2635,3819
"sz",1,20141013,94528,10.11,3,31360,31,"S",10.11,10.1,10.09,10.08,10.07,10.12,10.13,10.14,10.15,10.16,7557,9420,3416,5001,2502,671,6151,6170,2635,3819
"sz",1,20141013,94531,10.12,10,226492,224,"B",10.11,10.1,10.09,10.08,10.07,10.12,10.13,10.14,10.15,10.16,7368,9420,3416,4981,2502,643,6123,6170,2635,3819
"sz",1,20141013,94534,10.11,5,64724,64,"S",10.11,10.1,10.09,10.08,10.07,10.12,10.13,10.14,10.15,10.16,7328,9430,3416,4981,2502,751,6103,6170,2635,3819
"sz",1,20141013,94536,10.11,12,149984,149,"S",10.11,10.1,10.09,10.08,10.07,10.12,10.13,10.14,10.15,10.16,7203,9430,3416,4991,2507,794,6103,6170,2635,3819
"sz",1,20141013,94539,10.12,5,150788,149,"B",10.11,10.1,10.09,10.08,10.07,10.12,10.13,10.14,10.15,10.16,7245,9470,3416,4991,2507,645,6103,6170,2635,3819
"sz",1,20141013,94543,10.12,27,432736,427,"B",10.11,10.1,10.09,10.08,10.07,10.12,10.13,10.14,10.15,10.16,7233,9437,3416,4991,2507,255,6103,6170,2635,3819
"sz",1,20141013,94546,10.12,6,39444,39,"B",10.11,10.1,10.09,10.08,10.07,10.12,10.13,10.14,10.15,10.16,7194,9457,3416,4991,2507,237,6203,6170,2635,3819
"sz",1,20141013,94549,10.12,1,5064,5,"B",10.11,10.1,10.09,10.08,10.07,10.12,10.13,10.14,10.15,10.16,7226,9457,3482,4991,2507,235,6203,6170,2635,3819
"sz",1,20141013,94552,10.11,7,30336,30,"S",10.11,10.1,10.09,10.08,10.07,10.12,10.13,10.14,10.15,10.16,7145,9457,3482,4991,2507,233,6203,6170,2635,3809
"sz",1,20141013,94558,10.12,7,49584,49,"B",10.11,10.1,10.09,10.08,10.07,10.12,10.13,10.14,10.15,10.16,7244,9470,3488,4991,2507,385,6512,6170,2635,3809
"sz",1,20141013,94601,10.11,4,50312,50,"S",10.11,10.1,10.09,10.08,10.07,10.12,10.13,10.14,10.15,10.16,7197,9470,3486,4991,2507,437,6561,6170,2635,3809
"sz",1,20141013,94604,10.12,15,461464,456,"B",10.12,10.11,10.1,10.09,10.08,10.13,10.14,10.15,10.16,10.17,116,7188,9465,3491,4991,6561,6170,2635,3809,1754
"sz",1,20141013,94606,10.12,4,106536,105,"S",10.12,10.11,10.1,10.09,10.08,10.13,10.14,10.15,10.16,10.17,180,7218,9465,3511,4996,6556,6170,2635,3809,1754
"sz",1,20141013,94610,10.12,2,50600,50,"S",10.12,10.11,10.1,10.09,10.08,10.13,10.14,10.15,10.16,10.17,140,7261,9465,3511,4996,6556,6170,2635,3809,1754
"sz",1,20141013,94612,10.11,10,177816,176,"S",10.11,10.1,10.09,10.08,10.07,10.12,10.13,10.14,10.15,10.16,7262,9476,3511,4996,2507,308,6556,6170,2635,3809
"sz",1,20141013,94616,10.11,4,107272,106,"S",10.11,10.1,10.09,10.08,10.07,10.12,10.13,10.14,10.15,10.16,7261,9484,3511,4996,2507,210,6527,6170,2635,3809
"sz",1,20141013,94619,10.11,14,188056,186,"S",10.11,10.1,10.09,10.08,10.07,10.12,10.13,10.14,10.15,10.16,7089,9549,3511,4996,2507,198,6527,6170,2635,3809
"sz",1,20141013,94621,10.11,7,143564,142,"S",10.11,10.1,10.09,10.08,10.07,10.12,10.13,10.14,10.15,10.16,6977,9552,3511,4996,2507,242,6527,6170,2635,3809
"sz",1,20141013,94625,10.12,1,33396,33,"B",10.11,10.1,10.09,10.08,10.07,10.12,10.13,10.14,10.15,10.16,7009,9538,3511,4996,2507,222,6527,6170,2735,3809
"sz",1,20141013,94628,10.12,1,1012,1,"B",10.11,10.1,10.09,10.08,10.07,10.12,10.13,10.14,10.15,10.16,7014,9549,3511,4996,2507,300,6527,6170,2747,3809
"sz",1,20141013,94631,10.11,3,44840,45,"S",10.11,10.1,10.09,10.08,10.07,10.12,10.13,10.14,10.15,10.16,7059,9554,3524,4996,2507,312,6527,6170,2747,3809
"sz",1,20141013,94634,10.12,3,47564,47,"B",10.11,10.1,10.09,10.08,10.07,10.12,10.13,10.14,10.15,10.16,6042,9556,3519,4996,2507,265,6530,6170,2747,3809
"sz",1,20141013,94640,10.12,1,10120,10,"B",10.11,10.1,10.09,10.08,10.07,10.12,10.13,10.14,10.15,10.16,6057,9530,3569,5046,2569,302,6530,6170,2747,3809
"sz",1,20141013,94643,10.12,19,388288,384,"B",10.11,10.1,10.09,10.08,10.07,10.12,10.13,10.14,10.15,10.16,5535,9520,3569,5046,2569,574,6530,6170,2747,3809
"sz",1,20141013,94646,10.11,16,408448,404,"S",10.11,10.1,10.09,10.08,10.07,10.12,10.13,10.14,10.15,10.16,5142,9530,3569,5046,2569,580,6530,6170,2747,3809
"sz",1,20141013,94649,10.11,3,17844,17,"S",10.11,10.1,10.09,10.08,10.07,10.12,10.13,10.14,10.15,10.16,5536,9550,3569,5046,2569,590,6530,6170,2767,3809
"sz",1,20141013,94652,10.11,9,271980,269,"S",10.11,10.1,10.09,10.08,10.07,10.12,10.13,10.14,10.15,10.16,5291,9550,3569,5063,2569,619,6530,6170,2767,3809
"sz",1,20141013,94655,10.12,6,117344,116,"B",10.11,10.1,10.09,10.08,10.07,10.12,10.13,10.14,10.15,10.16,5264,10573,3529,5063,2569,550,6570,6170,2767,3809
"sz",1,20141013,94658,10.12,26,667272,660,"B",10.11,10.1,10.09,10.08,10.07,10.12,10.13,10.14,10.15,10.16,4650,10583,3529,5113,2569,560,6569,6170,2767,3809
"sz",1,20141013,94701,10.11,26,622164,615,"S",10.11,10.1,10.09,10.08,10.07,10.12,10.13,10.14,10.15,10.16,4435,10658,3529,5113,2569,400,6569,6170,2767,3829
"sz",1,20141013,94703,10.12,13,120312,119,"B",10.11,10.1,10.09,10.08,10.07,10.12,10.13,10.14,10.15,10.16,4337,10656,3529,5113,2569,1158,6569,6170,2767,3829
"sz",1,20141013,94706,10.12,17,494380,489,"B",10.11,10.1,10.09,10.08,10.07,10.12,10.13,10.14,10.15,10.16,3851,10681,3529,5113,2569,1555,6569,6170,2767,3829
"sz",1,20141013,94710,10.11,14,439784,435,"S",10.11,10.1,10.09,10.08,10.07,10.12,10.13,10.14,10.15,10.16,3482,10721,3529,5113,2569,1753,6569,6170,2767,3829
"sz",1,20141013,94713,10.12,18,316596,313,"B",10.11,10.1,10.09,10.08,10.07,10.12,10.13,10.14,10.15,10.16,3218,10731,3529,5113,2569,1745,6579,6170,2767,3829
"sz",1,20141013,94716,10.11,4,25280,25,"S",10.11,10.1,10.09,10.08,10.07,10.12,10.13,10.14,10.15,10.16,3199,10727,3529,5113,2583,1749,6579,6170,2767,3829
"sz",1,20141013,94719,10.11,20,356884,353,"S",10.11,10.1,10.09,10.08,10.07,10.12,10.13,10.14,10.15,10.16,2951,10843,3529,5113,2583,1749,6589,6170,2771,3829
"sz",1,20141013,94722,10.11,10,249552,247,"S",10.11,10.1,10.09,10.08,10.07,10.12,10.13,10.14,10.15,10.16,2731,10848,3529,5115,2583,1754,6459,6170,2771,3829
"sz",1,20141013,94724,10.11,20,1001900,991,"S",10.11,10.1,10.09,10.08,10.07,10.12,10.13,10.14,10.15,10.16,1737,10848,3529,5115,2583,1859,6459,6170,2771,3829
"sz",1,20141013,94728,10.11,14,133452,132,"S",10.11,10.1,10.09,10.08,10.07,10.12,10.13,10.14,10.15,10.16,2091,10864,3529,5135,2583,1898,6430,6170,2771,3829
"sz",1,20141013,94731,10.12,5,42480,42,"B",10.11,10.1,10.09,10.08,10.07,10.12,10.13,10.14,10.15,10.16,2066,10862,3529,5135,2584,1871,6430,6170,2731,3829
"sz",1,20141013,94733,10.11,12,144504,143,"S",10.11,10.1,10.09,10.08,10.07,10.12,10.13,10.14,10.15,10.16,2703,10912,3529,5135,2584,2122,6430,6170,2731,3829
"sz",1,20141013,94737,10.11,17,228584,226,"S",10.11,10.1,10.09,10.08,10.07,10.12,10.13,10.14,10.15,10.16,2195,10895,3529,5135,2584,2022,6499,6170,2731,3829
"sz",1,20141013,94740,10.11,36,444820,440,"S",10.11,10.1,10.09,10.08,10.07,10.12,10.13,10.14,10.15,10.16,1763,10800,3533,5141,2584,2022,6499,6170,2831,3829
"sz",1,20141013,94742,10.11,7,78860,78,"S",10.11,10.1,10.09,10.08,10.07,10.12,10.13,10.14,10.15,10.16,1705,10805,3536,5141,2587,2022,6499,6170,2831,3829
"sz",1,20141013,94746,10.11,32,1321408,1307,"S",10.11,10.1,10.09,10.08,10.07,10.12,10.13,10.14,10.15,10.16,441,10784,3536,5141,2587,1847,6499,6170,2831,3829
"sz",1,20141013,94749,10.11,3,174900,173,"S",10.11,10.1,10.09,10.08,10.07,10.12,10.13,10.14,10.15,10.16,374,10789,3536,5141,2587,2106,6499,6170,2831,3829
"sz",1,20141013,94752,10.11,9,207588,205,"S",10.11,10.1,10.09,10.08,10.07,10.12,10.13,10.14,10.15,10.16,219,10784,3549,5141,2593,2125,6499,6170,2831,3829
"sz",1,20141013,94755,10.11,21,322632,319,"S",10.1,10.09,10.08,10.07,10.06,10.11,10.12,10.13,10.14,10.15,10789,3554,5141,2593,2296,40,2125,6486,6170,2831
"sz",1,20141013,94758,10.1,5,124232,123,"S",10.1,10.09,10.08,10.07,10.06,10.11,10.12,10.13,10.14,10.15,10577,3554,5131,2593,2296,106,2125,6486,6170,2831
"sz",1,20141013,94801,10.11,31,334336,331,"B",10.1,10.09,10.08,10.07,10.06,10.11,10.12,10.13,10.14,10.15,9976,3554,5131,2593,2296,202,2480,6458,6170,2831
"sz",1,20141013,94804,10.11,8,63696,63,"B",10.1,10.09,10.08,10.07,10.06,10.11,10.12,10.13,10.14,10.15,10345,3554,5131,2593,2296,149,2505,6458,6170,2762
"sz",1,20141013,94807,10.12,27,600452,594,"B",10.11,10.1,10.09,10.08,10.07,10.12,10.13,10.14,10.15,10.16,2,10106,3554,5155,2593,2362,6458,6170,2762,3829
"sz",1,20141013,94810,10.13,42,7797548,7700,"B",10.1,10.09,10.08,10.07,10.06,10.13,10.14,10.15,10.16,10.17,10051,3544,5155,2593,2302,1189,6170,2762,3829,1805
"sz",1,20141013,94813,10.13,16,1064520,1051,"B",10.1,10.09,10.08,10.07,10.06,10.13,10.14,10.15,10.16,10.17,10026,3544,5155,2602,2302,202,6165,2762,3829,1805
"sz",1,20141013,94816,10.13,11,214616,212,"B",10.1,10.09,10.08,10.07,10.06,10.13,10.14,10.15,10.16,10.17,8998,3544,5160,2602,2302,61,6165,2762,3691,1805
"sz",1,20141013,94819,10.11,1,2016,2,"S",10.1,10.09,10.08,10.07,10.06,10.11,10.12,10.13,10.14,10.15,9030,3544,5160,2602,2392,84,306,61,6165,2762
"sz",1,20141013,94822,10.11,8,128400,127,"B",10.1,10.09,10.08,10.07,10.06,10.11,10.12,10.13,10.14,10.15,9030,3544,5160,2602,2392,218,6,61,6165,2762
"sz",1,20141013,94825,10.13,8,781776,773,"B",10.13,10.1,10.09,10.08,10.07,10.14,10.15,10.16,10.17,10.18,1442,9036,3544,5162,2602,6165,2762,3691,1805,2303
"sz",1,20141013,94828,10.13,5,72936,72,"S",10.13,10.12,10.11,10.1,10.09,10.14,10.15,10.16,10.17,10.18,4587,5,88,9023,3544,6162,2762,3691,1805,2303
"sz",1,20141013,94831,10.13,6,69536,68,"S",10.13,10.12,10.11,10.1,10.09,10.14,10.15,10.16,10.17,10.18,64,5,97,9023,3544,6142,2762,3691,1805,2303
"sz",1,20141013,94834,10.13,4,15176,15,"S",10.13,10.11,10.1,10.09,10.08,10.14,10.15,10.16,10.17,10.18,1,94,9033,3554,5167,6142,2666,3691,1805,2303
"sz",1,20141013,94836,10.13,3,11136,11,"S",10.11,10.1,10.09,10.08,10.07,10.13,10.14,10.15,10.16,10.17,195,9083,3554,5167,2662,1123,6142,2659,3691,1805
"sz",1,20141013,94840,10.11,3,68408,68,"S",10.11,10.1,10.09,10.08,10.07,10.13,10.14,10.15,10.16,10.17,158,9087,4578,5171,2662,592,6142,2659,3691,1805
"sz",1,20141013,94843,10.13,2,30384,30,"B",10.11,10.1,10.09,10.08,10.07,10.13,10.14,10.15,10.16,10.17,232,9087,4578,5171,2662,1056,6152,2659,3691,1805
"sz",1,20141013,94846,10.13,1,5064,5,"B",10.11,10.1,10.09,10.08,10.07,10.12,10.13,10.14,10.15,10.16,377,9105,4578,5171,2662,40,1138,6152,2659,3691
"sz",1,20141013,94852,10.12,3,44544,44,"B",10.12,10.11,10.1,10.09,10.08,10.13,10.14,10.15,10.16,10.17,56,1161,8727,4578,5171,1140,6152,2725,3691,1805
"sz",1,20141013,94855,10.12,3,140664,139,"S",10.12,10.11,10.1,10.09,10.08,10.13,10.14,10.15,10.16,10.17,17,1300,8727,4578,5176,1140,6152,2725,3691,1805
"sz",1,20141013,94858,10.12,2,30360,30,"S",10.12,10.11,10.1,10.09,10.08,10.13,10.14,10.15,10.16,10.17,22,1355,8752,4589,5176,1160,6152,2725,3691,1805
"sz",1,20141013,94900,10.11,8,148640,147,"S",10.11,10.1,10.09,10.08,10.07,10.13,10.14,10.15,10.16,10.17,1270,11832,4589,5323,2656,1215,6152,2725,3691,1805
"sz",1,20141013,94904,10.12,5,43496,43,"B",10.11,10.1,10.09,10.08,10.07,10.12,10.13,10.14,10.15,10.16,1232,11832,4589,5323,2656,4,1220,6152,2725,3691
"sz",1,20141013,94907,10.12,6,14168,14,"B",10.11,10.1,10.09,10.08,10.07,10.12,10.13,10.14,10.15,10.16,1533,11832,4589,5328,2656,4,1233,6152,2725,3691
"sz",1,20141013,94910,10.11,9,137488,136,"S",10.11,10.1,10.09,10.08,10.07,10.12,10.13,10.14,10.15,10.16,1400,11934,4559,5328,2656,4,1382,6152,2725,3691
"sz",1,20141013,94913,10.11,2,2024,2,"S",10.11,10.1,10.09,10.08,10.07,10.12,10.13,10.14,10.15,10.16,1476,11934,4599,5328,2656,16,1620,6152,2725,3691
"sz",1,20141013,94916,10.11,2,10112,10,"S",10.11,10.1,10.09,10.08,10.07,10.12,10.13,10.14,10.15,10.16,1485,11982,4599,5328,2656,86,1625,6152,2725,3691
"sz",1,20141013,94919,10.12,3,24264,24,"B",10.11,10.1,10.09,10.08,10.07,10.12,10.13,10.14,10.15,10.16,1445,11982,4599,5328,2656,84,1165,6152,2715,3691
"sz",1,20141013,94922,10.11,1,2024,2,"S",10.11,10.1,10.09,10.08,10.07,10.12,10.13,10.14,10.15,10.16,1468,11975,4599,5328,2656,344,1165,6152,2715,3691
"sz",1,20141013,94925,10.12,26,1238496,1225,"B",10.11,10.1,10.09,10.08,10.07,10.12,10.13,10.14,10.15,10.16,333,12015,4599,5308,2656,347,1181,6152,2715,3691
"sz",1,20141013,94928,10.11,2,67736,67,"S",10.11,10.1,10.09,10.08,10.07,10.12,10.13,10.14,10.15,10.16,309,11974,4599,5308,2656,347,1281,6152,2715,3711
"sz",1,20141013,94931,10.11,4,39432,39,"S",10.11,10.1,10.09,10.08,10.07,10.12,10.13,10.14,10.15,10.16,427,11989,4599,5308,2656,347,1291,6152,2715,3711
"sz",1,20141013,94934,10.11,23,641128,634,"S",10.11,10.1,10.09,10.08,10.07,10.12,10.13,10.14,10.15,10.16,303,11974,4599,5308,2656,50,1343,6152,2715,3711
"sz",1,20141013,94937,10.11,9,107792,106,"S",10.11,10.1,10.09,10.08,10.07,10.12,10.13,10.14,10.15,10.16,241,11974,4609,5308,2656,50,1398,6152,2915,3701
"sz",1,20141013,94939,10.11,24,346008,342,"S",10.11,10.1,10.09,10.08,10.07,10.12,10.13,10.14,10.15,10.16,1368,11882,4603,5308,2656,47,1408,6152,2915,3701
"sz",1,20141013,94943,10.11,4,23304,24,"S",10.11,10.1,10.09,10.08,10.07,10.12,10.13,10.14,10.15,10.16,1427,11882,4603,5328,2656,293,1408,6152,2915,3701
"sz",1,20141013,94945,10.11,2,92000,91,"S",10.11,10.1,10.09,10.08,10.07,10.12,10.13,10.14,10.15,10.16,1339,11894,4603,5328,2656,313,1408,6172,2915,3701
"sz",1,20141013,94949,10.11,4,22608,22,"S",10.11,10.1,10.09,10.08,10.07,10.12,10.13,10.14,10.15,10.16,1319,11894,4603,5338,2656,323,1508,6172,2915,3701
"sz",1,20141013,94952,10.11,4,72464,72,"S",10.11,10.1,10.09,10.08,10.07,10.12,10.13,10.14,10.15,10.16,1249,11894,4603,5348,2656,353,1558,6268,2915,3701
"sz",1,20141013,94955,10.12,3,86944,86,"B",10.11,10.1,10.09,10.08,10.07,10.12,10.13,10.14,10.15,10.16,1212,11914,4653,5348,2656,401,1716,6537,2927,3701
"sz",1,20141013,94958,10.11,1,14160,14,"S",10.11,10.1,10.09,10.08,10.07,10.12,10.13,10.14,10.15,10.16,1226,11914,4653,5348,2656,557,1716,6537,2927,3701
"sz",1,20141013,95001,10.11,1,21224,21,"S",10.11,10.1,10.09,10.08,10.07,10.12,10.13,10.14,10.15,10.16,1313,12029,4653,5338,2656,577,1752,6537,2927,3701
"sz",1,20141013,95004,10.11,2,174904,173,"S",10.11,10.1,10.09,10.08,10.07,10.12,10.13,10.14,10.15,10.16,1195,12029,4652,5341,2656,637,1752,6537,2927,3701
"sz",1,20141013,95010,10.11,3,140528,139,"S",10.11,10.1,10.09,10.08,10.07,10.12,10.13,10.14,10.15,10.16,3099,12030,4652,5350,2656,722,1755,6537,2950,3664
"sz",1,20141013,95013,10.11,24,3134032,3099,"S",10.1,10.09,10.08,10.07,10.06,10.11,10.12,10.13,10.14,10.15,11746,4652,5350,2656,2548,77,891,1765,6537,2953
"sz",1,20141013,95016,10.11,12,163776,162,"B",10.1,10.09,10.08,10.07,10.06,10.11,10.12,10.13,10.14,10.15,11739,4652,5350,2658,2548,21,930,1815,6537,2953
"sz",1,20141013,95019,10.11,2,8088,8,"B",10.1,10.09,10.08,10.07,10.06,10.11,10.12,10.13,10.14,10.15,11742,4652,5350,2656,2548,14,990,1917,6537,2953
"sz",1,20141013,95022,10.11,10,118344,117,"B",10.1,10.09,10.08,10.07,10.06,10.11,10.12,10.13,10.14,10.15,11746,4652,5367,2656,2560,127,931,1917,6537,2953
"sz",1,20141013,95025,10.11,16,859648,850,"B",10.1,10.09,10.08,10.07,10.06,10.11,10.12,10.13,10.14,10.15,11746,4652,5367,2656,2560,74,634,1917,6537,2953
"sz",1,20141013,95027,10.11,1,10112,10,"B",10.1,10.09,10.08,10.07,10.06,10.11,10.12,10.13,10.14,10.15,11716,4602,5367,2656,2560,411,654,1917,6537,2953
"sz",1,20141013,95031,10.1,4,45480,45,"S",10.1,10.09,10.08,10.07,10.06,10.11,10.12,10.13,10.14,10.15,11711,4552,5367,2656,2560,386,654,1917,6517,2953
"sz",1,20141013,95034,10.1,2,20544,21,"S",10.1,10.09,10.08,10.07,10.06,10.11,10.12,10.13,10.14,10.15,11694,4558,5369,2656,2560,661,654,1917,6517,2953
"sz",1,20141013,95037,10.11,6,43472,43,"B",10.1,10.09,10.08,10.07,10.06,10.11,10.12,10.13,10.14,10.15,11700,4558,5369,2656,2560,865,908,1916,6517,2953
"sz",1,20141013,95040,10.11,16,330552,327,"B",10.1,10.09,10.08,10.07,10.06,10.11,10.12,10.13,10.14,10.15,8570,4558,5369,2656,2560,588,928,1916,6517,2953
"sz",1,20141013,95043,10.11,14,218320,216,"B",10.1,10.09,10.08,10.07,10.06,10.11,10.12,10.13,10.14,10.15,8516,4558,5369,2656,2560,556,930,1829,6517,2953
"sz",1,20141013,95046,10.1,22,426112,421,"S",10.1,10.09,10.08,10.07,10.06,10.11,10.12,10.13,10.14,10.15,8364,4558,5369,2656,2560,296,969,1829,6517,2953
"sz",1,20141013,95049,10.11,20,310080,307,"B",10.1,10.09,10.08,10.07,10.06,10.11,10.12,10.13,10.14,10.15,8013,4559,5405,2656,2570,300,1023,1829,6517,2953
"sz",1,20141013,95052,10.11,4,22240,22,"B",10.1,10.09,10.08,10.07,10.06,10.11,10.12,10.13,10.14,10.15,7976,4561,5405,2641,2570,298,1046,1829,6517,2953
"sz",1,20141013,95055,10.1,2,35384,35,"S",10.1,10.09,10.08,10.07,10.06,10.11,10.12,10.13,10.14,10.15,7851,4551,5396,2641,2570,265,1146,1939,6517,2953
"sz",1,20141013,95058,10.1,11,146976,146,"S",10.1,10.09,10.08,10.07,10.06,10.11,10.12,10.13,10.14,10.15,7781,4551,5408,2641,2570,205,1146,1939,6472,2953
"sz",1,20141013,95101,10.11,3,24256,24,"B",10.1,10.09,10.08,10.07,10.06,10.11,10.12,10.13,10.14,10.15,7769,4551,5410,2641,2570,830,1206,1939,6472,2953
"sz",1,20141013,95104,10.1,2,13128,13,"S",10.1,10.09,10.08,10.07,10.06,10.11,10.12,10.13,10.14,10.15,7747,4553,5410,2652,2570,886,1295,1939,6472,2953
"sz",1,20141013,95106,10.1,9,95952,95,"S",10.1,10.09,10.08,10.07,10.06,10.11,10.12,10.13,10.14,10.15,7652,4553,5410,2652,2570,1079,1275,1939,6472,2953
"sz",1,20141013,95110,10.11,7,68736,68,"B",10.1,10.09,10.08,10.07,10.06,10.11,10.12,10.13,10.14,10.15,7570,4547,5410,2652,2579,1038,1336,1939,6472,2953
"sz",1,20141013,95113,10.1,29,578736,573,"S",10.1,10.09,10.08,10.07,10.06,10.11,10.12,10.13,10.14,10.15,7001,4547,5430,2652,2579,1044,1336,1957,6472,2953
"sz",1,20141013,95116,10.11,7,145384,144,"B",10.1,10.09,10.08,10.07,10.06,10.11,10.12,10.13,10.14,10.15,6917,4547,5430,2652,2579,981,1340,1938,6472,2953
"sz",1,20141013,95119,10.1,164,3403368,3369,"S",10.1,10.09,10.08,10.07,10.06,10.11,10.12,10.13,10.14,10.15,3998,4552,5440,2652,2579,958,1340,1941,6472,2953
"sz",1,20141013,95122,10.11,9,213200,211,"B",10.1,10.09,10.08,10.07,10.06,10.11,10.12,10.13,10.14,10.15,3887,4552,5440,2652,2579,922,1340,2433,6472,2953
"sz",1,20141013,95125,10.11,4,169728,168,"B",10.1,10.09,10.08,10.07,10.06,10.11,10.12,10.13,10.14,10.15,3766,4532,5340,2652,2579,875,1340,2438,6472,2953
"sz",1,20141013,95128,10.11,29,504048,499,"B",10.1,10.09,10.08,10.07,10.06,10.11,10.12,10.13,10.14,10.15,3331,4532,5340,2652,2579,1036,1420,2438,6472,2953
"sz",1,20141013,95131,10.11,4,106888,106,"B",10.1,10.09,10.08,10.07,10.06,10.11,10.12,10.13,10.14,10.15,3378,4532,5348,2652,2707,1433,1420,2438,6472,2953
"sz",1,20141013,95133,10.11,5,287856,285,"B",10.1,10.09,10.08,10.07,10.06,10.11,10.12,10.13,10.14,10.15,3121,4532,5348,2652,2707,1428,1435,2438,6472,2953
"sz",1,20141013,95137,10.1,13,202008,200,"S",10.1,10.09,10.08,10.07,10.06,10.11,10.12,10.13,10.14,10.15,2929,4532,5353,2657,2690,1456,1435,2580,6472,2953
"sz",1,20141013,95140,10.11,8,52560,52,"B",10.1,10.09,10.08,10.07,10.06,10.11,10.12,10.13,10.14,10.15,2918,4532,5353,2699,2690,1817,1435,2540,6472,2953
"sz",1,20141013,95143,10.11,3,242640,240,"B",10.1,10.09,10.08,10.07,10.06,10.11,10.12,10.13,10.14,10.15,2935,4554,5353,2699,2690,1621,1460,2540,6203,2953
"sz",1,20141013,95146,10.1,5,27272,27,"S",10.1,10.09,10.08,10.07,10.06,10.11,10.12,10.13,10.14,10.15,2908,4054,5283,2699,2660,1761,1402,2560,6203,2953
"sz",1,20141013,95149,10.1,70,1609936,1594,"S",10.1,10.09,10.08,10.07,10.06,10.11,10.12,10.13,10.14,10.15,1358,4043,5283,2672,2670,1477,1402,2560,6208,2953
"sz",1,20141013,95152,10.11,3,21872,22,"B",10.1,10.09,10.08,10.07,10.06,10.11,10.12,10.13,10.14,10.15,1343,3941,5283,2682,2671,1533,1430,2560,6208,2953
"sz",1,20141013,95154,10.1,62,1383016,1369,"S",10.09,10.08,10.07,10.06,10.05,10.1,10.11,10.12,10.13,10.14,3941,5283,2682,2671,1634,30,1532,1430,2544,6208
"sz",1,20141013,95157,10.1,4,23224,23,"B",10.09,10.08,10.07,10.06,10.05,10.1,10.11,10.12,10.13,10.14,3954,5283,2662,2677,1634,849,1536,1430,2544,6208
"sz",1,20141013,95201,10.1,7,186856,185,"B",10.09,10.08,10.07,10.06,10.05,10.1,10.11,10.12,10.13,10.14,3960,5283,2662,2677,1634,723,1541,1002,2544,6208
"sz",1,20141013,95204,10.1,1,20200,20,"B",10.09,10.08,10.07,10.06,10.05,10.1,10.11,10.12,10.13,10.14,3970,5283,2672,2677,1634,798,1539,1002,2544,6208
"sz",1,20141013,95207,10.1,1,40400,40,"B",10.09,10.08,10.07,10.06,10.05,10.1,10.11,10.12,10.13,10.14,2885,5283,2672,2677,1640,762,1534,982,2524,6208
"sz",1,20141013,95210,10.1,3,108064,107,"B",10.09,10.08,10.07,10.06,10.05,10.1,10.11,10.12,10.13,10.14,2867,5283,2702,2652,1644,13629,1539,976,2524,6208
"sz",1,20141013,95213,10.1,7,53520,53,"B",10.09,10.08,10.07,10.06,10.05,10.1,10.11,10.12,10.13,10.14,2836,5349,2702,2652,1668,14318,1558,976,2624,6208
"sz",1,20141013,95216,10.1,5,65648,65,"B",10.09,10.08,10.07,10.06,10.05,10.1,10.11,10.12,10.13,10.14,2856,5359,2702,2662,1668,14249,1573,976,2505,6208
"sz",1,20141013,95219,10.1,8,64600,64,"B",10.09,10.08,10.07,10.06,10.05,10.1,10.11,10.12,10.13,10.14,2797,5359,2702,2662,1668,14254,1601,976,2455,6208
"sz",1,20141013,95222,10.09,17,313824,311,"S",10.09,10.08,10.07,10.06,10.05,10.1,10.11,10.12,10.13,10.14,2526,5349,2702,2667,1668,14238,1525,976,2455,6208
"sz",1,20141013,95225,10.09,28,1010712,1002,"S",10.09,10.08,10.07,10.06,10.05,10.1,10.11,10.12,10.13,10.14,1367,5362,2702,2667,1668,14289,1316,976,2455,6208
"sz",1,20141013,95227,10.09,70,1075592,1066,"S",10.09,10.08,10.07,10.06,10.05,10.1,10.11,10.12,10.13,10.14,306,5362,2722,2667,1668,14289,1312,976,2455,6208
"sz",1,20141013,95231,10.09,33,351520,348,"S",10.08,10.07,10.06,10.05,10.04,10.09,10.1,10.11,10.12,10.13,5062,2722,2667,1668,376,504,14287,1312,976,2455
"sz",1,20141013,95234,10.09,5,54488,54,"B",10.08,10.07,10.06,10.05,10.04,10.09,10.1,10.11,10.12,10.13,5085,2722,2667,1675,376,877,14287,1276,976,2455
"sz",1,20141013,95237,10.09,5,43384,43,"B",10.08,10.07,10.06,10.05,10.04,10.09,10.1,10.11,10.12,10.13,5091,2722,2669,1675,377,2314,14312,1186,976,2455
"sz",1,20141013,95240,10.09,4,128144,127,"B",10.08,10.07,10.06,10.05,10.04,10.09,10.1,10.11,10.12,10.13,5120,2722,2664,1777,377,2454,14512,1186,975,2455
"sz",1,20141013,95243,10.09,9,409640,406,"B",10.08,10.07,10.06,10.05,10.04,10.09,10.1,10.11,10.12,10.13,5238,2722,2684,1777,377,2144,14271,1197,975,2455
"sz",1,20141013,95246,10.09,14,291744,289,"B",10.08,10.07,10.06,10.05,10.04,10.09,10.1,10.11,10.12,10.13,5047,2722,2734,1777,377,2258,14257,1197,995,2455
"sz",1,20141013,95249,10.09,7,91760,91,"B",10.08,10.07,10.06,10.05,10.04,10.09,10.1,10.11,10.12,10.13,4908,2722,2734,1877,377,2387,13542,1177,970,2455
"sz",1,20141013,95252,10.08,9,59512,59,"S",10.08,10.07,10.06,10.05,10.04,10.09,10.1,10.11,10.12,10.13,4906,2742,2940,1882,377,2365,13538,1161,870,2455
"sz",1,20141013,95255,10.09,4,51464,51,"B",10.08,10.07,10.06,10.05,10.04,10.09,10.1,10.11,10.12,10.13,4964,2748,2816,1882,382,2364,13543,1161,870,2455
"sz",1,20141013,95258,10.09,2,22200,22,"B",10.08,10.07,10.06,10.05,10.04,10.09,10.1,10.11,10.12,10.13,5003,2845,2816,1900,382,2342,13543,1161,820,2375
"sz",1,20141013,95300,10.08,77,2389592,2371,"S",10.08,10.07,10.06,10.05,10.04,10.09,10.1,10.11,10.12,10.13,2643,2845,2816,1900,382,2742,13543,1161,820,2375
"sz",1,20141013,95304,10.08,10,181456,180,"S",10.08,10.07,10.06,10.05,10.04,10.09,10.1,10.11,10.12,10.13,2486,2845,2816,1902,382,2803,13561,1151,770,2375
"sz",1,20141013,95307,10.08,9,87728,87,"S",10.08,10.07,10.06,10.05,10.04,10.09,10.1,10.11,10.12,10.13,2449,2820,2826,1902,392,2867,13561,1151,770,2375
"sz",1,20141013,95310,10.08,27,364872,362,"S",10.08,10.07,10.06,10.05,10.04,10.09,10.1,10.11,10.12,10.13,2173,3020,2826,1894,392,2726,13571,1146,770,2471
"sz",1,20141013,95313,10.08,14,136888,136,"S",10.08,10.07,10.06,10.05,10.04,10.09,10.1,10.11,10.12,10.13,2037,3035,2826,1904,392,2736,13571,1146,790,2471
"sz",1,20141013,95316,10.08,11,207288,205,"S",10.08,10.07,10.06,10.05,10.04,10.09,10.1,10.11,10.12,10.13,1918,3045,2826,1904,412,2698,13579,1246,790,2471
"sz",1,20141013,95319,10.09,11,208792,207,"B",10.08,10.07,10.06,10.05,10.04,10.09,10.1,10.11,10.12,10.13,1991,3212,2836,1864,412,2559,13624,1246,790,2699
"sz",1,20141013,95322,10.09,17,304472,302,"B",10.08,10.07,10.06,10.05,10.04,10.09,10.1,10.11,10.12,10.13,1763,3334,2812,1843,417,2553,13624,1228,790,2699
"sz",1,20141013,95325,10.08,12,340832,338,"S",10.08,10.07,10.06,10.05,10.04,10.09,10.1,10.11,10.12,10.13,1734,3340,2782,1853,417,2425,14032,1178,790,2699
"sz",1,20141013,95328,10.08,15,175392,174,"S",10.08,10.07,10.06,10.05,10.04,10.09,10.1,10.11,10.12,10.13,1643,3300,2782,1874,417,2425,14032,1088,790,2699
"sz",1,20141013,95331,10.08,93,1700232,1687,"S",10.07,10.06,10.05,10.04,10.03,10.08,10.09,10.1,10.11,10.12,3300,2802,1874,422,1114,2057,2425,14032,1060,790
"sz",1,20141013,95334,10.08,2,26208,26,"B",10.07,10.06,10.05,10.04,10.03,10.08,10.09,10.1,10.11,10.12,3310,2803,1874,442,1114,2175,2453,14032,1050,774
"sz",1,20141013,95337,10.08,6,73576,73,"B",10.07,10.06,10.05,10.04,10.03,10.08,10.09,10.1,10.11,10.12,3308,2803,1874,442,1114,2117,2453,14032,1050,774
"sz",1,20141013,95340,10.08,9,71568,71,"B",10.07,10.06,10.05,10.04,10.03,10.08,10.09,10.1,10.11,10.12,3318,2803,1874,662,1114,2114,2683,14032,1035,774
"sz",1,20141013,95343,10.08,3,52416,52,"B",10.07,10.06,10.05,10.04,10.03,10.08,10.09,10.1,10.11,10.12,3351,2803,1888,682,1114,2194,2733,14032,1035,774
"sz",1,20141013,95346,10.08,12,228768,227,"B",10.07,10.06,10.05,10.04,10.03,10.08,10.09,10.1,10.11,10.12,3394,2804,1868,682,1114,2049,2733,14032,1035,774
"sz",1,20141013,95349,10.07,26,408216,405,"S",10.07,10.06,10.05,10.04,10.03,10.08,10.09,10.1,10.11,10.12,3088,2804,1958,694,1114,2245,2693,14032,1035,774
"sz",1,20141013,95352,10.08,8,271056,269,"B",10.07,10.06,10.05,10.04,10.03,10.08,10.09,10.1,10.11,10.12,3063,2924,1958,774,1114,2179,2703,14032,1035,770
"sz",1,20141013,95355,10.08,4,25192,25,"B",10.07,10.06,10.05,10.04,10.03,10.08,10.09,10.1,10.11,10.12,3147,2954,1963,774,1114,2177,2703,14036,1009,770
"sz",1,20141013,95358,10.08,2,11088,11,"B",10.07,10.06,10.05,10.04,10.03,10.08,10.09,10.1,10.11,10.12,3224,2964,1968,774,1114,2166,2703,14036,1009,770
"sz",1,20141013,95401,10.07,10,108824,108,"S",10.07,10.06,10.05,10.04,10.03,10.08,10.09,10.1,10.11,10.12,3190,3991,1968,884,1114,2211,2675,14036,1009,770
"sz",1,20141013,95404,10.07,17,211160,210,"S",10.07,10.06,10.05,10.04,10.03,10.08,10.09,10.1,10.11,10.12,3064,4001,1968,904,1115,2206,2703,14036,1009,770
"sz",1,20141013,95407,10.07,27,940296,934,"S",10.07,10.06,10.05,10.04,10.03,10.08,10.09,10.1,10.11,10.12,2258,4071,1975,904,1107,2084,2703,14036,1009,770
"sz",1,20141013,95410,10.08,3,124888,124,"B",10.07,10.06,10.05,10.04,10.03,10.08,10.09,10.1,10.11,10.12,2254,4073,1975,904,1122,2070,2343,14052,1009,770
"sz",1,20141013,95413,10.07,22,713960,709,"S",10.07,10.06,10.05,10.04,10.03,10.08,10.09,10.1,10.11,10.12,1608,4056,1975,904,1122,2050,2260,14052,1009,770
"sz",1,20141013,95416,10.07,7,77560,77,"S",10.07,10.06,10.05,10.04,10.03,10.08,10.09,10.1,10.11,10.12,1617,4061,1985,934,1137,2034,2260,14052,1009,770
"sz",1,20141013,95418,10.08,12,81968,81,"B",10.07,10.06,10.05,10.04,10.03,10.08,10.09,10.1,10.11,10.12,1706,4072,1985,934,1187,2032,2210,14052,1009,770
"sz",1,20141013,95422,10.08,10,156120,155,"B",10.07,10.06,10.05,10.04,10.03,10.08,10.09,10.1,10.11,10.12,1801,4122,2045,934,1198,1995,2200,14082,1008,756
"sz",1,20141013,95425,10.07,10,270952,269,"S",10.07,10.06,10.05,10.04,10.03,10.08,10.09,10.1,10.11,10.12,1797,4122,2045,953,1198,1924,2200,14082,1008,756
"sz",1,20141013,95428,10.07,11,158464,157,"S",10.07,10.06,10.05,10.04,10.03,10.08,10.09,10.1,10.11,10.12,1722,4137,2045,953,1203,1896,2200,14082,1008,756
"sz",1,20141013,95431,10.08,12,271960,270,"B",10.07,10.06,10.05,10.04,10.03,10.08,10.09,10.1,10.11,10.12,1571,4192,2045,1461,1203,1911,2066,14082,1008,756
"sz",1,20141013,95434,10.07,15,105960,106,"S",10.07,10.06,10.05,10.04,10.03,10.08,10.09,10.1,10.11,10.12,2057,4222,2035,1464,1223,1886,2066,14101,1008,773
"sz",1,20141013,95437,10.08,2,24192,24,"B",10.07,10.06,10.05,10.04,10.03,10.08,10.09,10.1,10.11,10.12,2449,4557,2055,2416,1223,1862,2066,14106,1008,773
"sz",1,20141013,95440,10.1,66,4388312,4350,"B",10.07,10.06,10.05,10.04,10.03,10.1,10.11,10.12,10.13,10.14,3485,6608,2055,2446,1223,13698,1008,771,2824,5812
"sz",1,20141013,95443,10.1,9,111904,111,"B",10.07,10.06,10.05,10.04,10.03,10.1,10.11,10.12,10.13,10.14,3553,6634,2095,2447,1223,13873,1008,768,2824,5812
"sz",1,20141013,95446,10.07,78,2065992,2051,"S",10.07,10.06,10.05,10.04,10.03,10.1,10.11,10.12,10.13,10.14,1380,6634,2120,2479,1223,13873,1008,768,2824,5812
"sz",1,20141013,95449,10.07,45,2437704,2420,"S",10.06,10.05,10.04,10.03,10.02,10.07,10.08,10.09,10.1,10.11,6677,2134,2509,1223,1786,388,10,6,13873,1008
"sz",1,20141013,95452,10.07,12,317208,315,"B",10.06,10.05,10.04,10.03,10.02,10.07,10.08,10.09,10.1,10.11,6677,2252,2521,1223,1786,128,110,6,13923,1008
"sz",1,20141013,95455,10.07,10,169176,168,"B",10.06,10.05,10.04,10.03,10.02,10.07,10.08,10.09,10.1,10.11,6687,2278,2515,1223,1786,1804,109,41,13835,1008
"sz",1,20141013,95458,10.07,5,126880,126,"B",10.06,10.05,10.04,10.03,10.02,10.07,10.08,10.09,10.1,10.11,6856,2268,2555,1223,1784,1679,109,43,13845,998
"sz",1,20141013,95501,10.06,15,469208,466,"S",10.06,10.05,10.04,10.03,10.02,10.07,10.08,10.09,10.1,10.11,6817,2298,2555,1243,1794,1282,259,90,13845,998
"sz",1,20141013,95504,10.07,8,135952,135,"B",10.06,10.05,10.04,10.03,10.02,10.07,10.08,10.09,10.1,10.11,6828,2300,2555,1243,1794,1347,259,91,13795,998
"sz",1,20141013,95507,10.07,8,52360,52,"B",10.06,10.05,10.04,10.03,10.02,10.07,10.08,10.09,10.1,10.11,6736,2303,2555,1243,1794,1417,259,1117,13907,998
"sz",1,20141013,95510,10.08,9,1429944,1420,"B",10.07,10.06,10.05,10.04,10.03,10.08,10.09,10.1,10.11,10.12,29,6736,2303,2560,1243,127,1233,13907,998,848
"sz",1,20141013,95513,10.07,14,189304,188,"S",10.07,10.06,10.05,10.04,10.03,10.08,10.09,10.1,10.11,10.12,24,6763,2323,2560,1243,147,233,13981,998,848
"sz",1,20141013,95516,10.07,46,589136,586,"S",10.07,10.06,10.05,10.04,10.03,10.08,10.09,10.1,10.11,10.12,280,6388,2358,2560,1243,147,235,13981,998,848
"sz",1,20141013,95519,10.07,3,287016,285,"S",10.07,10.06,10.05,10.04,10.03,10.08,10.09,10.1,10.11,10.12,710,6420,2358,2560,1240,127,285,13981,998,848
"sz",1,20141013,95522,10.07,7,44312,44,"S",10.07,10.06,10.05,10.04,10.03,10.08,10.09,10.1,10.11,10.12,991,6470,2341,1608,1240,119,285,13981,998,848
"sz",1,20141013,95525,10.07,11,355472,353,"S",10.07,10.06,10.05,10.04,10.03,10.08,10.09,10.1,10.11,10.12,1443,6637,2412,1608,1255,119,278,13981,998,848
"sz",1,20141013,95528,10.07,1,28200,28,"S",10.07,10.06,10.05,10.04,10.03,10.08,10.09,10.1,10.11,10.12,1452,6792,2432,1643,1255,119,317,13981,998,848
"sz",1,20141013,95531,10.08,5,33240,33,"B",10.07,10.06,10.05,10.04,10.03,10.08,10.09,10.1,10.11,10.12,1887,6872,2497,1643,1205,129,317,13981,998,848
"sz",1,20141013,95534,10.08,8,95760,95,"B",10.07,10.06,10.05,10.04,10.03,10.08,10.09,10.1,10.11,10.12,2441,6935,2510,1145,1205,99,342,14019,998,848
"sz",1,20141013,95537,10.08,4,46328,46,"B",10.07,10.06,10.05,10.04,10.03,10.08,10.09,10.1,10.11,10.12,2453,7098,2512,1145,1205,296,390,14019,998,848
"sz",1,20141013,95540,10.07,9,122960,122,"S",10.07,10.06,10.05,10.04,10.03,10.08,10.09,10.1,10.11,10.12,2878,7110,2573,1145,1205,196,522,14019,998,848
"sz",1,20141013,95543,10.08,21,769408,764,"B",10.07,10.06,10.05,10.04,10.03,10.08,10.09,10.1,10.11,10.12,2470,7110,2578,1145,1288,136,532,14000,998,848
"sz",1,20141013,95546,10.07,10,286480,284,"S",10.07,10.06,10.05,10.04,10.03,10.09,10.1,10.11,10.12,10.13,2431,7151,2582,2111,1298,588,14003,998,848,2774
"sz",1,20141013,95549,10.07,3,273616,272,"S",10.08,10.07,10.06,10.05,10.04,10.09,10.1,10.11,10.12,10.13,51,2185,7166,2592,2111,578,14090,998,848,2774
"sz",1,20141013,95552,10.08,2,6048,6,"S",10.08,10.07,10.06,10.05,10.04,10.09,10.1,10.11,10.12,10.13,50,2365,7181,2616,2111,587,14090,998,848,2774
"sz",1,20141013,95555,10.08,6,94736,94,"S",10.07,10.06,10.05,10.04,10.03,10.08,10.09,10.1,10.11,10.12,2415,7231,2616,2122,1298,86,587,14090,998,848
"sz",1,20141013,95558,10.08,4,63504,63,"B",10.07,10.06,10.05,10.04,10.03,10.08,10.09,10.1,10.11,10.12,2522,7331,2636,2127,1298,26,665,14090,998,848
"sz",1,20141013,95601,10.08,3,31648,31,"B",10.08,10.07,10.06,10.05,10.04,10.09,10.1,10.11,10.12,10.13,2,2582,7345,2636,2127,665,14090,998,846,2774
"sz",1,20141013,95604,10.08,18,392832,390,"S",10.08,10.07,10.06,10.05,10.04,10.09,10.1,10.11,10.12,10.13,21,2294,7358,2650,2127,966,14036,998,846,2774
"sz",1,20141013,95607,10.07,5,201424,200,"S",10.08,10.07,10.06,10.05,10.04,10.09,10.1,10.11,10.12,10.13,58,2215,7373,2680,2127,1044,14036,998,846,2774
"sz",1,20141013,95610,10.09,62,2016080,2002,"B",10.08,10.07,10.06,10.05,10.04,10.09,10.1,10.11,10.12,10.13,68,344,7306,2740,2134,1065,14036,998,821,2774
"sz",1,20141013,95613,10.09,12,150320,149,"B",10.08,10.07,10.06,10.05,10.04,10.09,10.1,10.11,10.12,10.13,177,759,7439,2750,2154,960,14036,998,821,2774
"sz",1,20141013,95616,10.08,7,133896,133,"S",10.08,10.07,10.06,10.05,10.04,10.09,10.1,10.11,10.12,10.13,580,867,7679,2766,2154,996,14036,998,865,2774
"sz",1,20141013,95619,10.08,7,626136,621,"S",10.07,10.06,10.05,10.04,10.03,10.08,10.09,10.1,10.11,10.12,1017,7789,2766,2154,1050,424,995,14036,998,865
"sz",1,20141013,95622,10.08,3,24192,24,"B",10.07,10.06,10.05,10.04,10.03,10.08,10.09,10.1,10.11,10.12,1047,7839,2748,2154,1050,425,1040,14036,998,865
"sz",1,20141013,95625,10.08,6,14104,14,"B",10.07,10.06,10.05,10.04,10.03,10.08,10.09,10.1,10.11,10.12,1116,7879,2755,2384,1050,422,885,14066,998,879
"sz",1,20141013,95628,10.08,10,290256,288,"B",10.07,10.06,10.05,10.04,10.03,10.08,10.09,10.1,10.11,10.12,1085,7899,2772,2384,1050,184,922,14066,998,879
"sz",1,20141013,95631,10.08,5,129016,128,"B",10.07,10.06,10.05,10.04,10.03,10.08,10.09,10.1,10.11,10.12,1179,7904,2782,2384,1050,211,922,14066,998,879
"sz",1,20141013,95634,10.08,22,536944,533,"B",10.08,10.07,10.06,10.05,10.04,10.09,10.1,10.11,10.12,10.13,460,1197,7704,2792,2384,728,14066,998,879,2774
"sz",1,20141013,95637,10.08,2,54432,54,"S",10.08,10.07,10.06,10.05,10.04,10.09,10.1,10.11,10.12,10.13,428,1405,7772,2872,2384,728,14086,938,879,2774
"sz",1,20141013,95640,10.07,27,1047920,1040,"S",10.08,10.07,10.06,10.05,10.04,10.09,10.1,10.11,10.12,10.13,138,978,7747,2887,2384,859,14086,938,879,2774
"sz",1,20141013,95643,10.08,4,100800,100,"S",10.08,10.07,10.06,10.05,10.04,10.09,10.1,10.11,10.12,10.13,66,1053,7747,2887,2384,859,14096,938,879,2774
"sz",1,20141013,95646,10.08,10,136080,135,"S",10.07,10.06,10.05,10.04,10.03,10.09,10.1,10.11,10.12,10.13,1059,7776,2897,2344,1065,851,14096,938,835,2774
"sz",1,20141013,95649,10.08,3,49392,49,"S",10.08,10.07,10.06,10.05,10.04,10.09,10.1,10.11,10.12,10.13,30,1125,7776,2902,2344,851,14096,938,843,2774
"sz",1,20141013,95652,10.08,3,4536,4,"S",10.08,10.07,10.06,10.05,10.04,10.09,10.1,10.11,10.12,10.13,27,1189,7876,2902,2364,851,14096,938,843,2774
"sz",1,20141013,95655,10.08,40,1044888,1038,"S",10.07,10.06,10.05,10.04,10.03,10.08,10.09,10.1,10.11,10.12,300,7896,2901,2364,1089,10,851,14009,938,843
"sz",1,20141013,95658,10.08,6,92712,92,"B",10.07,10.06,10.05,10.04,10.03,10.08,10.09,10.1,10.11,10.12,294,7813,2906,2364,1102,85,859,14009,938,843
"sz",1,20141013,95701,10.08,3,32240,32,"B",10.07,10.06,10.05,10.04,10.03,10.08,10.09,10.1,10.11,10.12,462,7816,2906,2369,1104,65,859,14009,938,843
"sz",1,20141013,95704,10.08,4,42336,42,"B",10.07,10.06,10.05,10.04,10.03,10.08,10.09,10.1,10.11,10.12,685,7883,2939,2369,1104,74,869,14009,938,843
"sz",1,20141013,95707,10.07,3,16112,16,"S",10.07,10.06,10.05,10.04,10.03,10.08,10.09,10.1,10.11,10.12,698,7913,3291,2369,1114,104,869,14009,938,941
"sz",1,20141013,95713,10.08,5,19152,19,"B",10.07,10.06,10.05,10.04,10.03,10.08,10.09,10.1,10.11,10.12,956,8048,3297,2574,1134,158,879,14009,938,941
"sz",1,20141013,95716,10.08,4,21168,21,"B",10.07,10.06,10.05,10.04,10.03,10.08,10.09,10.1,10.11,10.12,1013,8070,3327,2574,1134,151,879,14009,947,931
"sz",1,20141013,95719,10.07,15,159224,158,"S",10.07,10.06,10.05,10.04,10.03,10.08,10.09,10.1,10.11,10.12,1040,8098,3321,2698,1134,35,889,14009,943,933
"sz",1,20141013,95722,10.08,5,71568,71,"B",10.07,10.06,10.05,10.04,10.03,10.08,10.09,10.1,10.11,10.12,1080,8113,3333,2718,1121,67,893,14009,943,933
"sz",1,20141013,95725,10.07,2,14112,14,"S",10.07,10.06,10.05,10.04,10.03,10.08,10.09,10.1,10.11,10.12,1227,8314,3333,2729,1121,66,1022,14009,943,933
"sz",1,20141013,95728,10.07,8,87336,87,"S",10.07,10.06,10.05,10.04,10.03,10.09,10.1,10.11,10.12,10.13,1349,8364,3353,2729,1131,1015,14009,943,933,2774
"sz",1,20141013,95731,10.08,3,32264,32,"B",10.07,10.06,10.05,10.04,10.03,10.09,10.1,10.11,10.12,10.13,1302,8544,3363,2729,1131,890,14037,943,933,2774
"sz",1,20141013,95734,10.09,40,712536,707,"B",10.08,10.07,10.06,10.05,10.04,10.09,10.1,10.11,10.12,10.13,16,1162,8529,3403,2729,768,14089,943,933,2774
"sz",1,20141013,95737,10.08,11,123008,122,"S",10.07,10.06,10.05,10.04,10.03,10.08,10.09,10.1,10.11,10.12,1211,8545,3413,2729,1136,86,716,14089,943,983
"sz",1,20141013,95740,10.08,11,235544,233,"B",10.07,10.06,10.05,10.04,10.03,10.08,10.09,10.1,10.11,10.12,1135,8547,3420,2729,1166,70,608,14037,943,987
"sz",1,20141013,95742,10.07,16,122856,122,"S",10.07,10.06,10.05,10.04,10.03,10.08,10.09,10.1,10.11,10.12,1182,8566,3420,2729,1166,90,611,14037,943,987
"sz",1,20141013,95746,10.07,3,108768,108,"S",10.07,10.06,10.05,10.04,10.03,10.08,10.09,10.1,10.11,10.12,1091,8571,3370,2729,1197,333,661,14037,943,987
"sz",1,20141013,95749,10.08,1,19152,19,"B",10.07,10.06,10.05,10.04,10.03,10.08,10.09,10.1,10.11,10.12,1145,8571,3371,2729,1197,314,726,14037,943,987
"sz",1,20141013,95752,10.08,12,343720,341,"B",10.07,10.06,10.05,10.04,10.03,10.08,10.09,10.1,10.11,10.12,1328,8471,3391,2730,1203,158,726,14037,943,987
"sz",1,20141013,95755,10.08,43,1043280,1036,"B",10.07,10.06,10.05,10.04,10.03,10.08,10.09,10.1,10.11,10.12,398,8484,3391,2730,1303,155,726,14037,939,987
"sz",1,20141013,95758,10.07,10,83600,83,"S",10.07,10.06,10.05,10.04,10.03,10.08,10.09,10.1,10.11,10.12,615,8509,3441,2730,1305,331,726,14037,939,987
"sz",1,20141013,95801,10.08,7,59472,59,"B",10.07,10.06,10.05,10.04,10.03,10.08,10.09,10.1,10.11,10.12,701,8515,3441,2740,1315,287,726,14037,939,987
"sz",1,20141013,95804,10.08,10,93320,93,"B",10.07,10.06,10.05,10.04,10.03,10.08,10.09,10.1,10.11,10.12,663,8525,3521,2742,1515,252,726,14037,939,987
"sz",1,20141013,95806,10.07,8,115408,115,"S",10.07,10.06,10.05,10.04,10.03,10.08,10.09,10.1,10.11,10.12,620,8528,3521,2742,1515,247,726,14037,939,987
"sz",1,20141013,95810,10.07,2,13096,13,"S",10.07,10.06,10.05,10.04,10.03,10.08,10.09,10.1,10.11,10.12,724,8545,3621,2742,1517,242,726,14037,939,987
"sz",1,20141013,95813,10.08,1,1008,1,"B",10.07,10.06,10.05,10.04,10.03,10.08,10.09,10.1,10.11,10.12,793,8549,3621,2742,1517,247,846,14037,939,987
"sz",1,20141013,95816,10.08,7,74544,74,"B",10.07,10.06,10.05,10.04,10.03,10.08,10.09,10.1,10.11,10.12,977,8554,3621,2742,1517,217,846,14027,849,1002
"sz",1,20141013,95819,10.07,5,59416,59,"S",10.07,10.06,10.05,10.04,10.03,10.08,10.09,10.1,10.11,10.12,1488,8554,3621,2742,1517,217,846,14052,849,1002
"sz",1,20141013,95821,10.08,1,4032,4,"B",10.07,10.06,10.05,10.04,10.03,10.08,10.09,10.1,10.11,10.12,1608,8544,3621,2740,1521,213,856,14052,849,1002
"sz",1,20141013,95825,10.08,8,55416,55,"B",10.07,10.06,10.05,10.04,10.03,10.08,10.09,10.1,10.11,10.12,1902,8550,3623,2740,1521,487,856,14052,849,1002
"sz",1,20141013,95827,10.08,9,217720,216,"B",10.07,10.06,10.05,10.04,10.03,10.08,10.09,10.1,10.11,10.12,1895,8550,3623,2740,1521,288,856,14052,849,1002
"sz",1,20141013,95834,10.07,4,12088,12,"S",10.07,10.06,10.05,10.04,10.03,10.08,10.09,10.1,10.11,10.12,2357,8589,3772,2740,1527,432,856,14052,849,1002
"sz",1,20141013,95837,10.08,5,46320,46,"B",10.07,10.06,10.05,10.04,10.03,10.08,10.09,10.1,10.11,10.12,2556,8564,3772,2740,1627,462,866,14052,849,1002
"sz",1,20141013,95840,10.08,12,256672,254,"B",10.07,10.06,10.05,10.04,10.03,10.08,10.09,10.1,10.11,10.12,2377,8564,3772,2740,1627,468,889,14059,869,1002
"sz",1,20141013,95843,10.08,2,24192,24,"B",10.07,10.06,10.05,10.04,10.03,10.08,10.09,10.1,10.11,10.12,2427,8584,3772,2750,1627,444,889,14059,869,1002
"sz",1,20141013,95846,10.08,4,32256,32,"B",10.07,10.06,10.05,10.04,10.03,10.08,10.09,10.1,10.11,10.12,2432,8594,3810,2750,1627,413,889,14059,869,1002
"sz",1,20141013,95849,10.07,10,139984,139,"S",10.07,10.06,10.05,10.04,10.03,10.08,10.09,10.1,10.11,10.12,2519,8594,3829,2755,1617,414,889,14059,869,1002
"sz",1,20141013,95852,10.08,3,43344,43,"B",10.07,10.06,10.05,10.04,10.03,10.08,10.09,10.1,10.11,10.12,2648,8642,3829,2755,1617,371,889,14059,869,1022
"sz",1,20141013,95855,10.07,12,303112,301,"S",10.07,10.06,10.05,10.04,10.03,10.08,10.09,10.1,10.11,10.12,2917,8647,3829,2755,1617,486,774,14049,869,1022
"sz",1,20141013,95901,10.08,17,718024,713,"B",10.08,10.07,10.06,10.05,10.04,10.09,10.1,10.11,10.12,10.13,326,2961,8748,4044,3152,869,14021,869,1022,2739
"sz",1,20141013,95904,10.08,2,35280,35,"S",10.08,10.07,10.06,10.05,10.04,10.09,10.1,10.11,10.12,10.13,386,3149,8848,4044,3152,894,14021,869,1022,2739
"sz",1,20141013,95907,10.08,1,82656,82,"S",10.08,10.07,10.06,10.05,10.04,10.09,10.1,10.11,10.12,10.13,327,3195,8848,4044,3152,894,14021,869,1022,2739
"sz",1,20141013,95910,10.08,35,9606864,9512,"S",10.08,10.07,10.06,10.05,10.04,10.1,10.11,10.12,10.13,10.14,341,3226,8848,4044,3162,5411,869,1022,2739,5958
"sz",1,20141013,95913,10.08,4,204624,203,"S",10.08,10.07,10.06,10.05,10.04,10.1,10.11,10.12,10.13,10.14,205,3280,8848,4046,3162,5411,869,1022,2739,5958
"sz",1,20141013,95915,10.08,3,14128,14,"S",10.08,10.07,10.06,10.05,10.04,10.09,10.1,10.11,10.12,10.13,202,3350,8875,4046,3162,15,5411,869,1022,2739
"sz",1,20141013,95919,10.08,3,31248,31,"S",10.08,10.07,10.06,10.05,10.04,10.09,10.1,10.11,10.12,10.13,385,3350,8875,4056,3162,25,5411,869,1022,2739
"sz",1,20141013,95921,10.09,17,203616,202,"B",10.08,10.07,10.06,10.05,10.04,10.09,10.1,10.11,10.12,10.13,185,3366,8973,4056,3162,23,5411,869,1032,2739
"sz",1,20141013,95925,10.08,4,183456,182,"S",10.08,10.07,10.06,10.05,10.04,10.09,10.1,10.11,10.12,10.13,73,3386,8952,4056,3162,23,5411,869,1037,2739
"sz",1,20141013,95928,10.09,5,60496,60,"B",10.08,10.07,10.06,10.05,10.04,10.09,10.1,10.11,10.12,10.13,278,3467,8952,4056,3167,3,5439,869,1037,2739
"sz",1,20141013,95931,10.09,3,107968,107,"B",10.09,10.08,10.07,10.06,10.05,10.1,10.11,10.12,10.13,10.14,20,310,3457,8960,4051,5439,878,1037,2739,5958
"sz",1,20141013,95934,10.09,1,2016,2,"S",10.09,10.08,10.07,10.06,10.05,10.1,10.11,10.12,10.13,10.14,18,322,3472,8962,4051,5535,889,1120,2739,5958
"sz",1,20141013,95937,10.08,4,49792,50,"S",10.08,10.07,10.06,10.05,10.04,10.1,10.11,10.12,10.13,10.14,339,3482,8964,4051,3167,5535,889,1120,2739,5958
"sz",1,20141013,95940,10.08,6,118272,117,"S",10.08,10.07,10.06,10.05,10.04,10.09,10.1,10.11,10.12,10.13,245,3481,8963,3946,3167,209,5439,878,1120,2739
"sz",1,20141013,95943,10.08,2,9088,9,"S",10.08,10.07,10.06,10.05,10.04,10.09,10.1,10.11,10.12,10.13,359,3490,8943,3946,3167,232,5439,878,1120,2739
"sz",1,20141013,95946,10.09,2,3024,3,"B",10.08,10.07,10.06,10.05,10.04,10.09,10.1,10.11,10.12,10.13,400,3505,8933,3950,3167,299,5439,878,1120,2739
"sz",1,20141013,95949,10.09,2,35312,35,"B",10.08,10.07,10.06,10.05,10.04,10.09,10.1,10.11,10.12,10.13,465,3515,8928,3931,3167,386,5439,878,1115,2746
"sz",1,20141013,95952,10.09,1,28256,28,"B",10.08,10.07,10.06,10.05,10.04,10.09,10.1,10.11,10.12,10.13,584,3524,8988,3931,3167,378,5389,878,1115,2746
"sz",1,20141013,95955,10.09,2,11104,11,"B",10.08,10.07,10.06,10.05,10.04,10.09,10.1,10.11,10.12,10.13,601,3524,8993,3931,3167,390,5389,878,1070,2746
"sz",1,20141013,95958,10.09,14,320640,318,"B",10.08,10.07,10.06,10.05,10.04,10.09,10.1,10.11,10.12,10.13,419,3536,9007,3931,3166,292,5389,878,1070,2746
"sz",1,20141013,100001,10.07,61,2300224,2283,"S",10.07,10.06,10.05,10.04,10.03,10.08,10.1,10.11,10.12,10.13,2088,9007,3951,3166,2693,1145,5479,878,1070,2746
"sz",1,20141013,100004,10.08,11,399840,397,"B",10.07,10.06,10.05,10.04,10.03,10.08,10.09,10.1,10.11,10.12,1857,9007,3951,3166,2663,1387,4,5479,878,1070
"sz",1,20141013,100007,10.07,17,335472,333,"S",10.07,10.06,10.05,10.04,10.03,10.08,10.09,10.1,10.11,10.12,1671,9007,3951,3166,2663,1386,4,5479,878,1070
"sz",1,20141013,100010,10.07,7,221632,220,"S",10.07,10.06,10.05,10.04,10.03,10.08,10.09,10.1,10.11,10.12,2036,9012,3951,3166,2663,1327,74,5479,878,1070
"sz",1,20141013,100013,10.07,16,217520,216,"S",10.07,10.06,10.05,10.04,10.03,10.08,10.09,10.1,10.11,10.12,1851,9012,3951,3166,2663,1324,99,5479,878,1070
"sz",1,20141013,100016,10.08,4,165168,164,"B",10.07,10.06,10.05,10.04,10.03,10.08,10.09,10.1,10.11,10.12,1717,9046,3951,3166,2813,1108,169,5479,878,1070
"sz",1,20141013,100019,10.08,15,488144,485,"B",10.07,10.06,10.05,10.04,10.03,10.08,10.09,10.1,10.11,10.12,1325,9036,3951,3166,2813,998,412,5517,878,1070
"sz",1,20141013,100022,10.07,39,484384,481,"S",10.07,10.06,10.05,10.04,10.03,10.08,10.09,10.1,10.11,10.12,1064,9066,3951,3166,2813,979,412,5517,874,1070
"sz",1,20141013,100025,10.07,29,414944,412,"S",10.07,10.06,10.05,10.04,10.03,10.08,10.09,10.1,10.11,10.12,813,9171,3947,3166,2813,909,412,5517,874,1070
"sz",1,20141013,100028,10.07,8,342560,340,"S",10.07,10.06,10.05,10.04,10.03,10.08,10.09,10.1,10.11,10.12,729,9171,3947,3166,2823,730,412,5517,874,1070
"sz",1,20141013,100031,10.07,5,89632,89,"S",10.07,10.06,10.05,10.04,10.03,10.08,10.09,10.1,10.11,10.12,665,9190,4347,3171,2823,728,412,5522,874,1070
"sz",1,20141013,100034,10.06,36,835696,830,"S",10.06,10.05,10.04,10.03,10.02,10.07,10.08,10.09,10.1,10.11,9098,4349,3171,2827,2482,359,876,416,5522,874
"sz",1,20141013,100037,10.07,22,280144,278,"B",10.06,10.05,10.04,10.03,10.02,10.07,10.08,10.09,10.1,10.11,9065,4349,3176,2827,2482,508,270,416,5322,874
"sz",1,20141013,100039,10.07,25,262672,261,"B",10.06,10.05,10.04,10.03,10.02,10.07,10.08,10.09,10.1,10.11,8913,4349,3196,2827,2482,566,308,483,5284,874
"sz",1,20141013,100043,10.06,27,623776,620,"S",10.06,10.05,10.04,10.03,10.02,10.07,10.08,10.09,10.1,10.11,8355,4349,3196,2839,2492,514,308,483,5284,874
"sz",1,20141013,100046,10.06,6,148000,147,"S",10.06,10.05,10.04,10.03,10.02,10.07,10.08,10.09,10.1,10.11,8313,4353,3191,2845,2492,522,336,573,5256,874
"sz",1,20141013,100048,10.06,23,251600,250,"S",10.06,10.05,10.04,10.03,10.02,10.07,10.08,10.09,10.1,10.11,8174,4353,3191,2845,2492,423,1414,573,5256,874
"sz",1,20141013,100052,10.07,37,702736,698,"B",10.06,10.05,10.04,10.03,10.02,10.07,10.08,10.09,10.1,10.11,7965,4368,3191,2845,2492,3,1414,573,5256,874
"sz",1,20141013,100055,10.06,36,985328,980,"S",10.06,10.05,10.04,10.03,10.02,10.08,10.09,10.1,10.11,10.12,7012,4368,3191,2845,2492,1414,496,5256,874,1070
"sz",1,20141013,100057,10.06,8,483936,481,"S",10.06,10.05,10.04,10.03,10.02,10.07,10.08,10.09,10.1,10.11,6581,4374,3191,2845,2492,23,1424,496,5256,1074
"sz",1,20141013,100101,10.07,8,528624,525,"B",10.06,10.05,10.04,10.03,10.02,10.07,10.08,10.09,10.1,10.11,6571,4434,3191,2845,2492,1056,1396,594,5256,1074
"sz",1,20141013,100104,10.06,8,135840,135,"S",10.06,10.05,10.04,10.03,10.02,10.07,10.08,10.09,10.1,10.11,6428,4059,3241,2858,2496,1116,1396,609,5256,1074
"sz",1,20141013,100107,10.06,8,219232,218,"S",10.06,10.05,10.04,10.03,10.02,10.07,10.08,10.09,10.1,10.11,7159,4069,3281,2858,2496,1040,1396,609,5256,1074
"sz",1,20141013,100110,10.07,17,348112,346,"B",10.06,10.05,10.04,10.03,10.02,10.07,10.08,10.09,10.1,10.11,6866,4069,3281,2858,2496,1709,1250,557,5256,1090
"sz",1,20141013,100113,10.06,3,120816,120,"S",10.06,10.05,10.04,10.03,10.02,10.07,10.08,10.09,10.1,10.11,6860,4065,3281,2858,2496,1857,1250,557,5256,1090
"sz",1,20141013,100116,10.07,10,368256,366,"B",10.06,10.05,10.04,10.03,10.02,10.07,10.08,10.09,10.1,10.11,6558,3970,3281,2858,2566,1799,1278,557,5256,1090
"sz",1,20141013,100119,10.06,2,9056,9,"S",10.06,10.05,10.04,10.03,10.02,10.07,10.08,10.09,10.1,10.11,6590,4071,3251,2858,2566,1795,1478,740,5226,1090
"sz",1,20141013,100122,10.07,2,12096,12,"B",10.06,10.05,10.04,10.03,10.02,10.07,10.08,10.09,10.1,10.11,6590,4077,3251,2858,2666,1883,1478,740,5226,1090
"sz",1,20141013,100125,10.06,8,220992,219,"S",10.06,10.05,10.04,10.03,10.02,10.07,10.08,10.09,10.1,10.11,6508,3977,3251,2887,2669,1879,1478,1027,5226,1090
"sz",1,20141013,100128,10.06,4,7392,8,"S",10.06,10.05,10.04,10.03,10.02,10.07,10.08,10.09,10.1,10.11,6625,3977,3251,2887,2669,2058,1478,1036,5226,1090
"sz",1,20141013,100131,10.07,5,451904,448,"B",10.06,10.05,10.04,10.03,10.02,10.07,10.08,10.09,10.1,10.11,6654,3977,3251,2889,2669,1717,1478,1116,5226,1090
"sz",1,20141013,100134,10.06,216,6872816,6832,"S",10.05,10.04,10.03,10.02,10.01,10.06,10.07,10.08,10.09,10.1,3977,3280,2889,2729,3840,348,1640,1478,1214,5226
"sz",1,20141013,100137,10.06,12,372112,370,"B",10.05,10.04,10.03,10.02,10.01,10.06,10.07,10.08,10.09,10.1,3869,3290,2889,2729,3860,183,1715,1478,1214,5226
"sz",1,20141013,100140,10.06,6,56336,56,"B",10.05,10.04,10.03,10.02,10.01,10.06,10.07,10.08,10.09,10.1,3899,3285,2889,2734,3862,249,1847,1478,1349,5216
"sz",1,20141013,100143,10.05,4,8048,8,"S",10.05,10.04,10.03,10.02,10.01,10.06,10.07,10.08,10.09,10.1,3896,3290,2878,2744,3865,228,1847,1478,1299,5216
"sz",1,20141013,100146,10.06,8,73440,73,"B",10.05,10.04,10.03,10.02,10.01,10.06,10.07,10.08,10.09,10.1,4206,3290,2778,2754,3852,210,1847,1478,1299,5216
"sz",1,20141013,100149,10.06,2,11056,11,"B",10.05,10.04,10.03,10.02,10.01,10.06,10.07,10.08,10.09,10.1,4141,3290,2778,2775,3852,269,1501,1478,1510,5216
"sz",1,20141013,100151,10.06,7,89536,89,"B",10.05,10.04,10.03,10.02,10.01,10.06,10.07,10.08,10.09,10.1,4192,3290,2778,2775,3872,327,1501,1478,1523,5216
"sz",1,20141013,100155,10.06,7,64336,64,"B",10.05,10.04,10.03,10.02,10.01,10.06,10.07,10.08,10.09,10.1,4239,3290,2778,2740,3882,1418,1516,1478,1466,5216
"sz",1,20141013,100158,10.06,11,120272,120,"B",10.05,10.04,10.03,10.02,10.01,10.06,10.07,10.08,10.09,10.1,4257,3270,2778,2740,3882,1582,1516,1478,1566,5225
"sz",1,20141013,100201,10.05,18,638640,635,"S",10.05,10.04,10.03,10.02,10.01,10.06,10.07,10.08,10.09,10.1,4105,3410,2758,2740,3882,1118,1516,1498,1566,5225
"sz",1,20141013,100204,10.06,9,239344,238,"B",10.05,10.04,10.03,10.02,10.01,10.06,10.07,10.08,10.09,10.1,4046,3430,2769,2740,3882,923,1475,1498,1582,5226
"sz",1,20141013,100207,10.05,33,327664,326,"S",10.05,10.04,10.03,10.02,10.01,10.06,10.07,10.08,10.09,10.1,3854,3440,2866,2740,3882,901,1540,1498,1582,5226
"sz",1,20141013,100210,10.05,3,8032,8,"S",10.05,10.04,10.03,10.02,10.01,10.06,10.07,10.08,10.09,10.1,3904,3442,2866,2740,3882,1592,1510,1498,1582,5226
"sz",1,20141013,100213,10.05,34,308544,307,"S",10.05,10.04,10.03,10.02,10.01,10.06,10.07,10.08,10.09,10.1,3759,3442,2836,2761,4250,1585,1510,1498,1582,5226
"sz",1,20141013,100216,10.06,27,310624,309,"B",10.05,10.04,10.03,10.02,10.01,10.06,10.07,10.08,10.09,10.1,3553,3431,2856,2771,4269,809,1510,1498,1582,5226
"sz",1,20141013,100219,10.06,3,20112,20,"B",10.05,10.04,10.03,10.02,10.01,10.06,10.07,10.08,10.09,10.1,3593,3431,3113,2771,4271,799,1450,1498,1552,5226
"sz",1,20141013,100222,10.06,8,218304,217,"B",10.05,10.04,10.03,10.02,10.01,10.06,10.07,10.08,10.09,10.1,3650,3434,3113,2771,4271,593,1450,1498,1552,5226
"sz",1,20141013,100225,10.06,84,1331136,1324,"B",10.06,10.05,10.04,10.03,10.02,10.07,10.08,10.09,10.1,10.11,117,3067,3434,3113,2771,1450,1460,1552,5226,1096
"sz",1,20141013,100228,10.06,8,223424,222,"S",10.06,10.05,10.04,10.03,10.02,10.07,10.08,10.09,10.1,10.11,168,3109,3445,3113,2963,1370,1512,1552,5222,1096
"sz",1,20141013,100231,10.05,43,851904,847,"S",10.05,10.04,10.03,10.02,10.01,10.07,10.08,10.09,10.1,10.11,2906,3450,3155,2963,4271,1069,1512,1552,5222,1096
"sz",1,20141013,100234,10.06,3,39232,39,"B",10.05,10.04,10.03,10.02,10.01,10.06,10.07,10.08,10.09,10.1,3020,3475,3165,2963,4371,117,1066,1512,1552,5222
"sz",1,20141013,100237,10.05,16,291520,290,"S",10.05,10.04,10.03,10.02,10.01,10.06,10.07,10.08,10.09,10.1,2867,3573,3185,2963,4361,372,1066,1536,1552,5222
"sz",1,20141013,100240,10.06,18,687792,684,"B",10.05,10.04,10.03,10.02,10.01,10.06,10.07,10.08,10.09,10.1,2641,3583,3185,2963,4377,33,1019,1484,1552,5222
"sz",1,20141013,100243,10.06,16,130688,130,"B",10.05,10.04,10.03,10.02,10.01,10.06,10.07,10.08,10.09,10.1,2568,3633,3185,2993,4374,18,1019,1484,1602,5194
"sz",1,20141013,100246,10.06,4,41920,41,"B",10.06,10.05,10.04,10.03,10.02,10.07,10.08,10.09,10.1,10.11,129,2936,3634,3185,2963,519,1456,1602,5194,1096
"sz",1,20141013,100249,10.06,6,56944,57,"S",10.06,10.05,10.04,10.03,10.02,10.07,10.08,10.09,10.1,10.11,135,2658,3634,3194,2963,519,1456,1602,5194,1096
"sz",1,20141013,100252,10.06,46,1057520,1052,"S",10.06,10.05,10.04,10.03,10.02,10.07,10.08,10.09,10.1,10.11,290,1846,3634,3199,2963,491,1456,1602,5194,1096
"sz",1,20141013,100255,10.06,6,127776,127,"S",10.06,10.05,10.04,10.03,10.02,10.07,10.08,10.09,10.1,10.11,787,1846,3634,3199,2973,473,1456,1602,5194,1096
"sz",1,20141013,100258,10.06,2,101616,101,"S",10.06,10.05,10.04,10.03,10.02,10.07,10.08,10.09,10.1,10.11,764,1846,3414,3199,2978,483,1456,1602,5194,1096
"sz",1,20141013,100301,10.06,5,54320,54,"S",10.06,10.05,10.04,10.03,10.02,10.07,10.08,10.09,10.1,10.11,719,2319,3414,3199,3008,583,1484,1602,5194,1096
"sz",1,20141013,100304,10.06,5,70304,70,"S",10.06,10.05,10.04,10.03,10.02,10.07,10.08,10.09,10.1,10.11,854,2354,3414,3199,3108,583,1529,1602,5194,1296
"sz",1,20141013,100307,10.06,3,64848,64,"S",10.06,10.05,10.04,10.03,10.02,10.07,10.08,10.09,10.1,10.11,1299,2373,3443,3199,3108,607,1529,1602,5194,1296
"sz",1,20141013,100310,10.06,2,244464,243,"S",10.06,10.05,10.04,10.03,10.02,10.07,10.08,10.09,10.1,10.11,1080,2532,3443,3222,3108,770,1629,1602,5194,1296
"sz",1,20141013,100313,10.06,3,9056,9,"S",10.06,10.05,10.04,10.03,10.02,10.07,10.08,10.09,10.1,10.11,1121,2575,3457,3227,3098,825,1629,1602,5194,1296
"sz",1,20141013,100316,10.06,2,176048,175,"S",10.06,10.05,10.04,10.03,10.02,10.07,10.08,10.09,10.1,10.11,966,2763,3474,3227,3109,825,1645,1602,5194,1296
"sz",1,20141013,100319,10.06,13,620688,617,"S",10.06,10.05,10.04,10.03,10.02,10.07,10.08,10.09,10.1,10.11,367,2894,3524,3229,3109,825,1645,1652,5194,1296
"sz",1,20141013,100321,10.07,2,20144,20,"B",10.06,10.05,10.04,10.03,10.02,10.07,10.08,10.09,10.1,10.11,943,2905,3544,3229,3109,905,1645,1752,5194,1296
"sz",1,20141013,100325,10.07,5,59392,59,"B",10.06,10.05,10.04,10.03,10.02,10.07,10.08,10.09,10.1,10.11,1338,3372,3556,3229,3109,1093,1634,1752,5194,1296
"sz",1,20141013,100327,10.06,1,73440,73,"S",10.06,10.05,10.04,10.03,10.02,10.07,10.08,10.09,10.1,10.11,1265,3429,3576,3229,3109,1093,1634,1752,5194,1296
